2956 4958
742 203 784 264 58

201 387 310 451 multis
333 388 509 451 carminum
533 386 611 450 locis
635 386 776 450 ostendit
799 387 907 450 Ovidii
930 385 1158 468 imitationem,
1184 407 1334 468 eumque

199 493 344 556 nominat
379 491 483 555 Carni.
514 495 567 572 23,
595 494 656 554 159
681 497 713 554 ct
738 493 830 578 epist.
856 492 901 574 H,
929 493 980 573 10,
1005 494 1037 554 6.

244 597 383 682 Magnus
417 597 511 660 Felix
539 596 716 678 Enncdius,
736 597 893 660 Paulinus
912 595 1183 672 Petricordiensis
1206 595 1322 658 Orien-

91 765 95 772 .
201 704 275 784 tius,
299 703 417 786 aliique
442 723 553 766 eorum
576 709 759 787 temporum
788 703 959 787 scriptores
972 701 1079 764 Ovidii
1096 721 1196 786 opera
1208 701 1339 765 imitati

202 829 271 872 csse
299 808 459 871 feruntur.

246 945 338 1009 Unus
372 967 448 1008 vcro
482 945 597 1028 dignus
628 951 686 1025 est,
712 945 801 1007 cuius
825 943 924 1007 vcrba
947 943 1000 1005 hic
1023 942 1218 1023 inserantur,
1244 945 1323 1024 quia

200 1051 354 1115 iudicium
379 1073 472 1114 suum
510 1051 550 1113 de
586 1049 701 1113 ovidio
738 1047 889 1134 prodidit.
925 1046 962 1110 L.
1001 1045 1218 1110 Caecilius
1242 1047 1354 1110 Fir-

201 1156 360 1220 mianus
381 1156 654 1235 Lactantius,
674 1153 809 1217 Arnobii
829 1152 1015 1237 discipulus,
1036 1151 1091 1232 qui
1110 1151 1341 1216 Nicomediae

200 1262 392 1324 rhetoricam
422 1261 530 1324 docuit
567 1281 604 1323 ac
637 1260 773 1344 penuria
797 1258 1027 1342 discipulorum
1051 1255 1092 1319 ad
1116 1257 1342 1322 scribendum

201 1387 236 1429 sc
271 1365 417 1428 contulit.
453 1365 484 1428 Is
519 1365 552 1426 in
590 1363 730 1444 antiquis
766 1362 950 1426 auctoribus
975 1361 1096 1447 optimc
1119 1369 1270 1426 versatus
1296 1370 1350 1426 eb

202 1471 363 1555 elegantia
398 1475 430 1531 et
463 1469 694 1554 perspicuitate
729 1468 885 1531 sermonis
921 1466 966 1528 ita
1001 1467 1166 1529 excellens
1199 1471 1237 1529 ut
1269 1468 1341 1530 ali-

200 1575 327 1660 quanda
361 1573 482 1657 ,Cicero
507 1573 707 1637 eluistianus'
732 1573 914 1658 appellatus
938 1574 989 1654 sit,
1014 1573 1168 1636 Ovidium
1193 1593 1338 1656 quoque
1442 1588 1469 1622 ε

201 1681 321 1765 optime
356 1687 449 1742 norat
493 1700 631 1763 eumque
669 1680 872 1763 ingeniosum
907 1685 1048 1763 poetam,
1083 1685 1216 1763 poetam
1253 1700 1321 1741 non

201 1784 368 1846 insuavem
393 1789 494 1846 vacat.

201 1937 310 2000 Divin.
342 1938 441 1999 instit.
466 1937 511 2017 II,
539 1939 650 2017 1,15:
692 1937 834 2015 ,Parcus
859 1937 945 2000 cnim
969 1942 1078 2000 noster
1101 1936 1157 1999 ille
1181 1958 1269 2001 unus
1295 1945 1345 2000 ct:
1454 1947 1460 1976 ·’

245 2043 331 2105 solus
366 2064 438 2104 cum
473 2042 609 2125 fingeret
642 2041 805 2104 hominem
830 2043 849 2104 i.
875 2063 902 2105 c.
927 2043 1047 2105 animal
1069 2042 1268 2127 intellegens
1295 2050 1342 2106 et:

246 2147 378 2210 rationis
402 2168 515 2230 capax,
541 2167 614 2209 eum
638 2167 713 2209 vcro
739 2166 780 2208 ex
792 2146 890 2209 hume
904 2147 1108 2209 sublevatum
1121 2146 1162 2208 ad
1180 2154 1342 2210 contem-

246 2252 424 2338 plationem
447 2252 496 2314 sui
520 2252 649 2314 artificis
674 2252 787 2314 erexit.
814 2251 907 2323 Quod
932 2252 1053 2336 optime
1076 2251 1344 2336 ingeniosus
1457 2279 1463 2287 ·

247 2379 268 2443 p
280 2378 325 2420 cc
337 2364 374 2420 ta
398 2358 558 2442 signavit:

336 2521 510 2584 ,prunaque
535 2521 608 2563 cum
632 2504 779 2583 spectent
803 2497 955 2560 animalia
979 2505 1086 2562 cetera
1103 2504 1236 2581 terram,

334 2626 368 2667 cs
391 2604 513 2667 homini
537 2604 673 2667 sublime
698 2602 788 2666 dedit
811 2604 1001 2687 caelumque
1026 2603 1136 2668 videre

335 2710 426 2772 iussit
450 2717 482 2772 et
506 2716 629 2772 erectos
653 2708 693 2772 ad
717 2708 823 2771 sidera
846 2709 959 2771 tollere
985 2708 1100 2773 vultus'
1115 2706 1148 2791 ¹).

203 2851 253 2914 Dc
278 2853 324 2914 ira
348 2851 399 2914 dei
424 2853 477 2932 20,
502 2855 536 2914 2:

226 2957 358 3037 ,Virtus
382 2957 468 3019 enim
491 2977 549 3042 per
573 2956 657 3019 mala
681 2964 713 3019 ct
736 2956 891 3041 probatur
908 2965 941 3020 ct
954 2963 1087 3037 constat,
1101 2958 1180 3029 vitia
1194 2978 1254 3042 pci·
1271 2981 1326 3021 vc-

245 3063 414 3148 luptatem.
449 3062 480 3124 N
484 3084 519 3125 cc
544 3068 653 3124 tamen
676 3062 731 3124 illc
756 3062 810 3146 qui
834 3069 947 3146 peccat
970 3082 1100 3147 sperare
1124 3062 1224 3125 debet
1248 3084 1324 3147 pcr-

246 3175 377 3252 petuam
401 3168 637 3252 impunitatem,
663 3167 738 3246 quia
761 3168 850 3229 nulla
874 3173 922 3230 cst
945 3173 1103 3252 perpetua
1127 3167 1278 3248 felicitas,

735 3308 802 3391 ,scd
825 3309 946 3372 scilicet
969 3309 1082 3373 ultima
1107 3330 1236 3395 semper

337 3414 555 3498 exspectanda
579 3413 647 3476 dics
671 3414 793 3477 homini
818 3414 945 3498 dicique
972 3415 1085 3478 beatus

337 3517 558 3582 antc'cbitum
582 3540 676 3582 ncmc
701 3540 916 3603 supremaque
940 3519 1055 3581 funcra
1079 3518 1187 3582 debet’
1202 3518 1237 3600 ²),

248 3650 284 3706 ut
307 3644 352 3707 ait
387 3651 509 3728 pocta
545 3665 622 3706 non
645 3642 863 3706 insuavis.'’

204 3774 312 3838 Divin.
336 3775 435 3838 instit.
459 3774 487 3857 l,
512 3777 542 3856 5,
570 3778 626 3838 13:

251 3879 405 3959 ,Ovidius
423 3901 551 3964 quoquc
571 3881 605 3943 in
623 3880 778 3965 principio
798 3879 998 3964 praeclari
1018 3876 1155 3964 c'pcris
1173 3879 1243 3943 sine
1255 3881 1323 3944 ulla

248 3984 386 4047 nominis
409 3985 664 4049 dissimulatione
689 4006 707 4047 a
731 3985 802 4066 dcc,
827 4006 924 4068 quem
937 3984 1173 4067 ,fabricatorem
1186 3985 1321 4068 mundi',

247 4197 274 4269 1)
316 4158 401 4253 cis.
424 4196 495 4252 nst.
517 4196 541 4260 1,
565 4195 680 4269 sssqq.

246 4278 275 4353 2)
316 4274 401 4336 ovid.
423 4274 493 4334 Met.
517 4273 573 4344 III,
600 4274 654 4333 135
677 4293 740 4350 sqq.
