2956 4958
720 397 775 456 742

176 581 298 663 aliquid
321 581 455 645 adderet
479 589 511 645 et
534 582 754 667 amplificaret,
775 579 978 644 contraheret
998 586 1031 644 et
1050 581 1198 648 demeret
1218 606 1300 669 quac

175 688 274 751 nimia
297 694 353 751 aut
378 708 621 772 supervacanea
646 694 764 751 essent.

221 792 372 856 Ceterum
397 793 481 878 quod
506 793 546 857 ad
570 795 756 857 universum
769 793 885 856 attinet
897 797 952 854 aut
965 791 1005 854 ad
1021 793 1167 877 singulas
1180 800 1301 879 partes,

176 921 241 962 non
273 907 338 962 tam
371 901 482 983 procul
515 900 627 962 aberat
651 922 669 962 a
693 900 767 980 fine,
790 905 824 960 ut
848 905 1012 960 auctorem
1036 900 1223 983 poeniteret
1247 908 1303 964 aut

175 1004 312 1090 puderet
352 1026 432 1089 opus
466 1027 559 1068 suum
592 1004 702 1089 populi
737 1003 922 1089 pervenisse
960 1003 991 1064 in
1015 1024 1080 1067 ora.
1106 1004 1145 1067 Id
1169 1012 1299 1069 tantum

176 1110 306 1174 dolebat
337 1110 420 1195 quod
459 1132 590 1173 manum
628 1118 805 1172 extremam
842 1107 997 1171 adhibere
1031 1130 1097 1173 non
1131 1111 1301 1195 potuisset.

176 1214 392 1279 incorrectum
417 1224 504 1297 erat3
529 1215 586 1278 sed
611 1215 768 1299 plurimae
792 1220 901 1298 partes
925 1232 990 1274 non
1014 1214 1098 1276 male
1123 1222 1299 1280 cesserant.

175 1319 260 1383 Nam
293 1320 427 1383 Ovidius
462 1341 526 1383 non
562 1327 631 1382 erat
663 1319 746 1400 talis,
771 1318 873 1398 qualis
897 1317 1073 1403 Vergilius,
1098 1320 1220 1406 quippe
1246 1323 1300 1406 qui

178 1425 310 1509 „prosa”
346 1426 448 1510 primo
490 1425 654 1504 „oratione
691 1425 860 1487 formatam
897 1423 1123 1508 digestamque
1161 1425 1196 1486 in
1231 1425 1301 1488 XII

174 1529 271 1593 libros
313 1531 529 1614 particulatim
568 1551 761 1613 componere
806 1528 991 1590 institueret
1039 1536 1134 1612 prout
1182 1529 1301 1593 liberet

176 1634 315 1718 quidque
341 1642 372 1698 et
396 1635 476 1697 nihil
500 1635 532 1696 in
555 1634 700 1697 ordinem
724 1632 912 1718 arripiens'’‚
937 1632 1033 1713 qui„
1040 1654 1080 1695 ne
1106 1633 1204 1717 quid
1197 1656 1300 1720 impe·

177 1744 246 1802 tum
293 1747 472 1804 moraretur
514 1739 672 1824 quaedam
718 1738 906 1823 imperfect
888 1738 1111 1801 atransmitt
1113 1745 1194 1820 eret,
1169 1741 1301 1804 talia

175 1843 345 1907 levissimis
369 1845 475 1908 verbis
497 1845 597 1908 veluti
621 1842 804 1925 fulciret)...
823 1843 887 1926 qui,
900 1849 936 1904 ut
949 1842 1041 1904 amici
1034 1842 1299 1930 familiaresque

177 1947 308 2030 (Gellio,
332 1949 443 2030 XVII,
471 1951 524 2032 10)
550 1956 773 2029 narraverunt,
801 1954 949 2032 „pareret
972 1968 1187 2011 versusmore
1202 1954 1300 2034 atque

175 2054 239 2117 ritu
272 2055 391 2137 ursino,
427 2062 462 2118 ut
500 2056 651 2118 informes
685 2052 844 2137 rudesque
882 2053 983 2136 primo
1017 2051 1140 2136 ingenii
1173 2053 1301 2138 impetu

175 2159 309 2223 iactatos
345 2159 487 2223 limando
523 2160 680 2245 paulatim
716 2157 945 2237 tractandoque
981 2156 1022 2219 ad
1055 2157 1133 2219 artis
1157 2158 1301 2242 speciem

178 2264 321 2348 expolire
347 2264 480 2327 adsidue
505 2286 636 2349 operam
661 2254 807 2344 daret”²).

222 2367 276 2430 Ad
300 2375 498 2453 postremum
525 2389 601 2452 ergo
626 2370 723 2431 statui
746 2368 831 2448 lieet,
856 2365 1134 2450 Metamorphoses
1159 2368 1200 2430 ab
1226 2389 1300 2431 auc·

176 2478 245 2535 tore
278 2473 348 2558 ipso
384 2494 449 2536 non
485 2473 588 2536 editas
624 2494 704 2535 esse.
731 2472 764 2535 Si
798 2472 904 2534 editae
936 2478 1019 2553 sunt,
1044 2472 1166 2534 amicus
1191 2494 1303 2536 curam

91 2611 93 2616 ·
176 2577 244 2639 eius
275 2579 322 2641 rei
358 2579 536 2663 suscepisse
560 2599 692 2641 necesse
717 2584 774 2640 est.
802 2577 890 2640 Fieri
914 2583 1019 2660 potest
1043 2585 1078 2640 ut
1102 2577 1157 2639 ille
1183 2579 1299 2658 ‘cultor

177 2688 209 2744 et
241 2684 374 2747 antistes
407 2683 573 2746 doctorum
611 2682 760 2747 virorum’
795 2682 847 2767 qui
880 2681 1020 2744 earmina
1057 2682 1126 2744 eius
1162 2682 1296 2766 collegit

177 2795 210 2849 et
245 2784 340 2869 cavit,
373 2808 415 2851 ne
450 2789 570 2850 amicus
594 2794 680 2850 totus
704 2787 841 2867 abesset,
866 2786 907 2848 ad
931 2806 1027 2868 quem
1051 2786 1177 2870 scripsit
1201 2786 1298 2850 Trist.

176 2889 230 2954 HI
254 2893 429 2976 epilogum,
454 2914 586 2978 operam
609 2891 815 2977 impenderet
835 2897 871 2953 ut
894 2889 1173 2974 Metamorphoses
1185 2892 1298 2976 vulga·

177 3002 297 3059 rentur.
333 2996 397 3059 Sed
430 2997 700 3060 verisimillimum
735 2997 788 3059 vel
824 2995 931 3079 potius
955 3001 1079 3057 certum
1102 3002 1151 3058 est
1175 2995 1210 3057 id
1233 3017 1294 3080 per

175 3100 384 3185 bibliopolam
417 3101 538 3164 factum
571 3123 636 3164 nou
660 3122 740 3182 esse,
774 3122 846 3163 eum
869 3099 1023 3184 principis
1046 3100 1136 3162 iussu
1159 3101 1298 3185 publicis

176 3212 262 3269 certe
288 3226 330 3268 ex
354 3205 555 3269 bibliothecis
580 3207 688 3269 onmia
710 3205 849 3268 Nasonis
874 3224 971 3289 opera
995 3211 1250 3268 removerentur.

315 3419 387 3499 §b
437 3416 520 3494 Quid
541 3417 655 3478 caliido
630 3415 806 3477 Illetam.
833 3415 917 3476 libris
941 3415 1124 3475 lrtdieuoa'ner

220 3628 313 3691 Haec
345 3628 413 3691 fero
448 3636 531 3710 sunt,
567 3649 648 3712 quae
684 3633 794 3691 auctor
825 3628 894 3712 ipse
932 3625 972 3688 de
996 3624 1128 3688 Metam.
1153 3626 1296 3689 tradidit.

175 3733 312 3796 Praeter
352 3755 390 3796 ea
414 3755 496 3818 quac
520 3734 584 3797 iam
608 3756 704 3819 supra
728 3733 935 3816 cognorimus
959 3751 1024 3794 non
1047 3731 1148 3793 multa
1171 3730 1212 3793 de
1236 3730 1295 3794 hoc

177 3858 274 3923 opere
300 3838 452 3920 aequales
478 3845 510 3901 et
532 3840 654 3923 posteri
677 3839 852 3901 memoriae
868 3835 1089 3922 prodiderunt.
1114 3833 1295 3899 SedMeta·

177 3942 365 4028 morphoses
389 3944 428 4006 ab
454 3950 584 4007 auctore
608 3943 813 4028 imperfectas
837 3943 964 4005 relictas
989 3961 1058 4003 esse
1072 3939 1170 4003 etiam
1182 3938 1294 4003 Sueto·

176 4047 265 4111 nium
300 4049 471 4112 credidisse
505 4056 640 4134 apparet
673 4070 716 4111 ex
746 4069 784 4111 eo
818 4047 903 4132 quod
927 4045 967 4108 de
992 4045 1096 4130 poetis
1119 4043 1293 4107 XXXIIIa

141 4141 143 4145 Τ
175 4155 208 4216 in
240 4153 316 4216 Vita
340 4153 383 4216 11.
408 4153 535 4217 Annaei
560 4155 684 4217 Lucani
708 4154 835 4215 scribit:
863 4153 914 4231 „in
938 4151 1040 4213 isdem
1066 4149 1126 4212 dici
1151 4150 1238 4233 quod
1262 4151 1293 4211 in

218 4386 245 4456 l)
289 4383 430 4449 Donatus,
454 4401 500 4457 pg.
524 4383 570 4448 59,
598 4383 668 4436 ldlt.

217 4465 245 4535 2)
288 4462 428 4531 Ribbeck,
452 4462 529 4520 Prol.
552 4480 598 4536 pg.
622 4462 668 4517 57.
