3224 5130
713 489 752 556 51

170 671 249 738 dum
274 696 391 760 magna
414 697 488 761 pars
513 681 671 742 terrarum
694 678 789 742 undis
814 679 977 764 obruatur,
1000 704 1097 768 „ergo
1113 685 1290 752 insularum

215 779 311 844 modo
336 783 479 846 eminent

303 914 429 971 montes
453 916 486 972 01
509 931 635 995 sparsas
660 909 815 996 Cycladas
840 918 960 996 augent

214 1039 251 1093 ut
286 1033 330 1095 ait
353 1034 408 1096 ille
431 1041 602 1119 poetarum
625 1037 902 1121 ingeniosissimus
927 1039 1069 1124 egregie,
1098 1042 1182 1104 siout
1206 1043 1288 1107 illud

214 1157 273 1221 pro
298 1139 521 1223 magnitudine
546 1143 592 1204 rei
616 1141 716 1205 dixit:

301 1262 419 1342 ,omnia
443 1269 562 1347 pontus
587 1272 688 1349 erant,
713 1265 848 1329 deerant
873 1287 999 1351 quoque
1022 1267 1118 1332 litora
1130 1269 1241 1353 ponto’
1258 1270 1280 1352 ¹)

212 1379 273 1442 nisi
297 1386 423 1445 tantum
447 1383 605 1470 impetum
629 1386 752 1470 ingenii
777 1393 808 1449 et
821 1389 975 1452 materiae
991 1388 1032 1451 ad
1046 1390 1187 1473 pueriles
1200 1391 1293 1477 inep-

212 1484 273 1549 tias
297 1486 496 1552 reduxisset:

300 1615 366 1690 ,nat
389 1611 485 1695 lupus
508 1612 594 1675 inter
618 1634 705 1696 oves,
731 1613 834 1678 fulvos
859 1613 948 1677 vehit
971 1615 1058 1678 unda
1082 1616 1214 1680 leones’
1228 1618 1251 1700 2)

210 1726 286 1791 Non
310 1737 358 1794 est
386 1752 436 1794 res
465 1733 541 1796 satis
565 1733 671 1796 sobria
694 1733 840 1797 lascivire
864 1734 1017 1798 devorato
1031 1736 1287 1802 orbeterrerum.

209 1831 303 1898 Dixit
326 1836 471 1920 ingentia
496 1844 528 1901 et
551 1844 661 1902 tantae
685 1839 880 1903 confusionis
903 1841 1079 1925 imaginem
1103 1843 1199 1928 oepit,
1215 1866 1287 1906 eum

209 1938 307 2004 dixit:

298 2065 491 2149 ,exspatiata
514 2071 613 2127 ruunt
636 2086 694 2151 per
718 2072 846 2150 apertos
870 2067 1002 2129 flumina
1027 2088 1157 2152 campos
1172 2068 1195 2149 ³)

445 2190 640 2254 pressaeque
665 2171 777 2234 labant
801 2171 860 2234 sub
883 2171 1013 2254 gurgite
1038 2171 1197 2254 tur1·es'⁴).

158 2498 412 2562 Observandum
451 2505 508 2580 est,
545 2499 632 2562 idem
669 2500 735 2562 fere
769 2501 820 2563 hio
840 2500 1035 2584 reprehendi
1055 2502 1180 2583 vitium,
1202 2503 1286 2586 quod

155 2604 286 2667 Seneca
322 2611 416 2689 pater
439 2605 647 2690 vituperavit,
672 2626 744 2668 eum
768 2604 867 2668 dixit:
895 2605 1051 2685 „Ovidius
1075 2608 1178 2670 nescit
1201 2607 1288 2688 quod

156 2712 248 2774 bene
272 2710 369 2774 oessit
392 2709 604 2795 relinquere”.

205 2938 366 3012 Quoniam
400 2945 511 3001 autem
542 2937 676 3001 Ovidius
700 2939 765 3001 iam
789 2944 865 3001 tune
889 2959 960 3001 euru
985 2938 1131 3001 studeret
1158 2939 1282 3019 ,bonus

153 3041 376 3108 declamator'’
400 3043 461 3105 fuit
485 3048 518 3105 01
540 3048 653 3127 postea
677 3063 805 3127 quoque
825 3044 858 3105 in
878 3044 1072 3106 carminibus
1092 3044 1281 3108 facultatem

152 3171 250 3214 suam
285 3148 548 3212 declamatoriam
581 3147 711 3229 amavit,
736 3168 801 3210 non
825 3149 940 3211 mirum
966 3157 1060 3229 esset,
1085 3149 1111 3212 si
1137 3156 1168 3212 et
1193 3150 1279 3236 apud

152 3256 303 3318 rhetores
338 3254 393 3317 diu
428 3259 501 3339 post
537 3259 673 3317 mortem
708 3254 894 3317 retinuisset
918 3254 1072 3334 favorem,
1098 3275 1160 3337 quo
1184 3255 1277 3318 vivus

151 3382 233 3424 usus
280 3365 375 3422 esset.
410 3358 483 3422 Hoe
519 3379 595 3424 vero
631 3379 696 3421 uon
730 3379 859 3443 prorsus
907 3358 951 3420 ita
991 3357 1089 3420 fuisse
1133 3365 1279 3442 apparet,

152 3467 181 3529 si
216 3464 409 3550 inquirimus
445 3463 520 3548 quid
564 3464 612 3527 vir
646 3463 706 3526 hae
744 3463 778 3525 in
812 3484 846 3525 re
881 3462 915 3524 in
948 3462 1059 3546 primis
1083 3462 1278 3547 spectandus

152 3570 196 3634 de
220 3591 259 3633 eo
282 3569 483 3634 iudicaverit.

198 3673 285 3738 Nam
330 3672 376 3736 M.
423 3672 585 3736 Fabius
631 3672 951 3753 Quintilianus,
987 3671 1092 3734 instit.
1131 3677 1211 3735 orat.
1235 3672 1279 3755 X,

155 3783 185 3862 l,
220 3801 283 3864 quo
307 3779 480 3842 lectionem
504 3783 684 3864 poetarum,
709 3777 888 3840 oratoribus
912 3777 1036 3858 utilem,
1061 3777 1276 3860 commendat,

153 3885 301 3968 quamvis
338 3904 405 3946 non
439 3904 498 3968 per
522 3883 630 3946 omnia
653 3887 770 3967 poetae
795 3882 914 3945 oratori
938 3888 1012 3945 suut
1036 3882 1192 3966 sequendi
1215 3904 1276 3946 1100

150 3989 304 4053 libertate
328 3988 500 4052 verborum
524 4008 584 4051 1100
607 3988 738 4051 lieentia
764 3986 1091 4071 figurarum,inserie
1104 3995 1275 4072 poetarum

152 4095 356 4176 aliorumque
392 4099 569 4176 auctorum,
605 4094 660 4177 qui
695 4093 813 4156 oratori
849 4091 981 4177 legendi
1012 4099 1096 4174 sunt,
1121 4091 1274 4156 Ovidium

150 4248 313 4258 -ι-ι

194 4311 223 4385 1)
264 4310 335 4369 Μ11.
356 4310 381 4382 Ι,
406 4309 475 4367 292.

193 4391 223 4462 2)
264 4391 304 4450 ib.
327 4409 370 4450 vs.
393 4389 461 4448 304.

193 4470 224 4543 3)
263 4470 460 4529 11111285.

192 4553 224 4622 4)
265 4550 305 4607 ib.
326 4567 368 4608 vs.
392 4549 459 4606 290.
