2956 4958
682 433 721 494 91

184 613 319 679 Etiamsi
364 615 495 701 corrigis
538 614 700 699 ‘atalanta'
731 635 789 700 pro
806 611 994 693 ⁴athalantis
1026 620 1060 678 et
1094 615 1266 698 ‘schoenei’

146 745 197 807 pro
218 720 349 804 ‘coeuei’
370 722 478 784 statim
498 743 536 786 ea
547 723 646 786 verba
659 727 794 808 apparet
811 740 896 801 „non
908 739 1037 783 versum
1051 720 1108 784 sed
1120 722 1266 786 notulam

146 848 210 891 esse
246 825 436 889 scholiastae
464 826 630 890 cuiusdam
659 824 824 891 errantis.”
838 824 860 906 ¹)

186 930 341 995 Codicum
368 951 445 1015 ergo
475 931 669 995 auctoritate
692 931 740 994 uti
763 950 829 994 non
852 929 938 1011 licet,
962 934 999 992 ut
1020 929 1106 994 hunc
1136 951 1267 996 versum

143 1057 184 1099 ex
213 1035 461 1121 interpolatione
487 1042 593 1100 ortum
613 1057 682 1100 esse
709 1035 877 1121 cogitetur·
902 1033 979 1098 Alia
1005 1057 1100 1100 causa
1126 1036 1267 1101 eiciendi

143 1141 255 1204 adesse
279 1139 386 1204 debet.
414 1139 498 1212 Quid
520 1140 651 1205 tandem
675 1140 750 1204 huic
775 1140 881 1204 versui
906 1139 985 1204 vitio
1010 1140 1121 1205 datur?
1144 1140 1266 1225 Verba,

141 1246 303 1328 inquiunt,
329 1245 402 1328 ‘lert
425 1267 535 1310 secum
559 1244 707 1331 spolium'
721 1245 872 1309 molestas
886 1244 1029 1309 afferunt
1040 1245 1265 1330 iterationem)

139 1350 188 1414 At
210 1356 308 1437 poeta
333 1350 477 1414 nondum
502 1351 585 1414 dixit
609 1350 748 1436 Scyllam
772 1351 892 1415 crinem
917 1372 1025 1414 secum
1050 1351 1151 1435 ferre;
1178 1352 1267 1417 aliud

142 1457 229 1520 enim
265 1462 314 1519 est
338 1462 465 1540 patrem
490 1456 577 1520 crine
600 1454 751 1542 spoliare,
777 1454 865 1518 aliud
889 1455 1009 1527 crinem
1033 1475 1143 1520 secum
1170 1457 1265 1521 ferre.

136 1561 270 1626 Deinde
294 1562 403 1643 verba,
427 1581 654 1646 ‘progessaque
675 1559 777 1646 porta'
797 1560 973 1624 narrationi
984 1560 1024 1624 ad
1037 1560 1136 1624 finem
1148 1582 1266 1648 prope·

137 1668 226 1731 nanti
244 1687 360 1752 parum
379 1672 454 1752 apta
474 1687 544 1729 csse
558 1665 657 1728 aiunt.
668 1663 722 1728 Ad
734 1664 833 1728 finem
845 1686 1019 1751 properare
1032 1667 1265 1731 narrationem!

135 1770 252 1835 Media
279 1770 384 1835 adhuc
408 1793 518 1835 sumus
539 1770 572 1833 in
597 1790 642 1833 re.
663 1768 758 1842 Quod
770 1770 797 1835 si
809 1777 998 1855 reputemus
1011 1769 1164 1835 Ovidium
1176 1772 1266 1836 lasti·

134 1879 233 1962 gium
253 1876 445 1940 narrationis
466 1876 562 1939 rebus
582 1896 741 1940 exornare
754 1876 884 1939 minutis
897 1875 1133 1962 subtilibusque
1146 1899 1266 1959 amare,

139 1989 179 2045 et
204 1982 230 2045 si
253 1980 393 2066 Scyllam
416 2002 462 2043 vs.
489 1982 530 2044 70
555 1979 649 2043 modo
675 1980 813 2047 claustra
825 1986 990 2066 portarum
1005 1981 1066 2045 sibi
1080 2002 1149 2046 esse
1162 1983 1267 2068 impe·

135 2087 287 2150 ‹limento
323 2085 444 2148 dixisse
481 2085 734 2167 reminiscamur,
758 2085 840 2148 nihil
863 2086 992 2150 obstare
1018 2086 1165 2151 videmus
1189 2109 1267 2172 quo·

137 2193 249 2255 minus
283 2191 368 2254 huuc
390 2211 530 2272 versum,
555 2190 609 2275 qui
632 2189 715 2254 nihil
737 2189 845 2254 vitiosi
873 2193 1048 2275 contineat,
1076 2193 1158 2257 nihil
1180 2193 1268 2275 quod

135 2295 208 2360 iam
239 2296 360 2360 dictum
385 2296 435 2377 sit,
459 2296 540 2359 nihil
564 2295 650 2380 quod
674 2296 853 2361 orationem
877 2297 1043 2383 impediat,
1069 2320 1127 2385 pro
1152 2297 1266 2363 Ovidi·

144 2424 207 2465 ano
243 2401 454 2466 vindicemus.
494 2401 569 2483 Fac,
606 2402 645 2465 ab
671 2400 786 2466 Ovidio
814 2424 889 2466 eum
915 2425 980 2466 uon
1004 2404 1160 2490 scriptum
1184 2426 1267 2488 esse,

145 2527 230 2588 quae
255 2514 324 2571 tum
349 2528 445 2571 causa
469 2506 581 2570 aderat
604 2507 725 2593 aliquid
749 2507 935 2571 inserendi?
960 2508 1046 2572 Nam
1064 2531 1141 2574 saue
1154 2509 1267 2575 deesse

139 2619 253 2696 posset
291 2612 318 2675 si
354 2612 387 2675 id
426 2632 557 2675 necesse
593 2618 687 2676 esset.
722 2611 765 2675 Et
799 2613 871 2693 quis
902 2612 1115 2699 interpolator
1137 2636 1267 2679 versum

143 2718 326 2782 sententiae
352 2725 419 2782 tam
443 2723 554 2798 aptum
580 2723 647 2780 tam
673 2717 949 2781 accommodatum
972 2719 1149 2783 narrationi
1171 2741 1266 2785 exco-

140 2822 335 2904 gitavisset?

189 2982 241 3046 Ex
285 2981 440 3046 tredecim
483 2982 581 3066 igitur
627 2981 705 3045 locis
740 2981 813 3064 illis,
848 2983 904 3047 ubi
943 2982 1127 3050 Marcianus
1164 3005 1266 3050 unum

141 3087 295 3168 pluresve
348 3109 459 3152 versus
503 3089 536 3151 in
571 3094 665 3152 textu
703 3087 832 3171 omittit,
868 3088 925 3152 sed
938 3112 943 3122 ’
958 3089 991 3152 in
1031 3089 1177 3174 margine
1211 3089 1266 3152 ad-

138 3195 279 3279 scriptos
315 3193 425 3276 habet,
460 3195 568 3257 nullus
605 3202 654 3257 est
691 3193 859 3276 eiusmodi,
894 3201 930 3257 ut
965 3216 1023 3278 pro
1055 3200 1141 3258 certo
1168 3196 1267 3259 statui

133 3291 250 3381 liceat,
289 3299 555 3384 interpolatorem
592 3305 647 3362 aut
687 3298 872 3362 falsatorem
896 3298 1058 3379 quaedam
1081 3297 1264 3364 inseruisse.

130 3393 248 3468 Immo
289 3425 366 3467 vero
400 3410 455 3467 aut
480 3424 587 3466 errore
612 3402 803 3466 exciderunt
824 3403 871 3465 illi
894 3424 1017 3486 versus,
1043 3411 1100 3467 aut
1126 3405 1166 3469 ab
1193 3426 1266 3468 auc-

127 3505 222 3572 toris
246 3509 347 3595 ipsius
372 3530 478 3591 manu,
504 3530 584 3593 opus
610 3530 704 3571 snum
731 3507 945 3590 emendantis,
970 3509 1107 3594 profecti
1135 3516 1219 3573 sunt.

190 3614 254 3678 Sed
279 3614 357 3677 alias
381 3634 507 3699 quoque
530 3612 628 3676 libros
652 3612 805 3677 adeamus
828 3613 1037 3698 inquirentes,
1047 3635 1155 3678 nonne
1168 3615 1265 3678 etiam

120 3705 177 3802 ln
201 3719 252 3782 his
280 3739 391 3781 versus
416 3719 470 3804 qui
493 3725 625 3803 propter
648 3719 770 3781 variam
793 3717 940 3782 codicum
967 3720 1156 3805 scripturam
1168 3720 1266 3804 vulgo

116 3831 203 3896 pro
234 3824 351 3910 spuriis
381 3823 562 3887 habeantur
595 3824 757 3909 explicari
773 3824 897 3909 possint
921 3845 963 3887 ex
987 3845 1036 3907 eo,
1061 3825 1146 3910 quod
1169 3831 1266 3910 poeta

117 3937 227 4012 Opus
253 3951 347 3993 suum
369 3928 596 4014 imperfectum
620 3929 758 4012 reliquit.

110 4127 144 4196 Ι
199 4150 302 4210 oras
349 4196 355 4209 .

149 4187 165 4219 ‘
192 4251 230 4315 ln
263 4166 346 4315 hb‘ffi
382 4253 485 4338 primo
521 4253 660 4338 Daphne
700 4253 843 4340 nympha
867 4252 1057 4317 describitur
1083 4253 1116 4315 in
1139 4252 1265 4316 laurum

111 4372 226 4398 N

190 4393 292 4496 ly-d.
313 4423 404 4491 Korn,
427 4425 465 4482 ad
485 4398 545 4486 hssl.

189 4505 217 4582 2)
258 4504 294 4568 cf.
317 4505 357 4569 M·
380 4504 491 4587 Haupt,
514 4505 551 4566 ad
574 4505 633 4570 al.
