<?xml version="1.0" encoding="UTF-8"?>
<!DOCTYPE html PUBLIC "-//W3C//DTD XHTML 1.0 Transitional//EN"
    "http://www.w3.org/TR/xhtml1/DTD/xhtml1-transitional.dtd">
<html xmlns="http://www.w3.org/1999/xhtml" xml:lang="en" lang="en">
 <head>
  <title>
</title>
<meta http-equiv="Content-Type" content="text/html;charset=utf-8" />
  <meta name='ocr-system' content='tesseract 3.04.00' />
  <meta name='ocr-capabilities' content='ocr_page ocr_carea ocr_par ocr_line ocrx_word'/>
</head>
<body>
  <div class='ocr_page' id='page_1' title='image "./deovidiimetamor00kramgoog_0113.png"; bbox 0 0 2956 4958; ppageno 0'>
   <div class='ocr_carea' id='block_1_1' title="bbox 701 449 763 519">
    <p class='ocr_par' dir='ltr' id='par_1_1' title="bbox 701 449 763 519">
     <span class='ocr_line' id='line_1_1' title="bbox 701 449 763 519; baseline -0.016 -1"><span class='ocrx_word' id='word_1_1' title='bbox 701 449 763 519; x_wconf 89' lang='lat'>100</span> 
     </span>
    </p>
   </div>
   <div class='ocr_carea' id='block_1_2' title="bbox 171 632 1293 2506">
    <p class='ocr_par' dir='ltr' id='par_1_2' title="bbox 173 632 1293 938">
     <span class='ocr_line' id='line_1_2' title="bbox 173 632 1292 712; baseline -0.011 -6"><span class='ocrx_word' id='word_1_2' title='bbox 173 643 348 708; x_wconf 90' lang='lat' dir='ltr'>rectissime</span> <span class='ocrx_word' id='word_1_3' title='bbox 383 651 493 706; x_wconf 88' lang='lat' dir='ltr'>tamen</span> <span class='ocrx_word' id='word_1_4' title='bbox 526 643 580 704; x_wconf 93' lang='lat' dir='ltr'>illc</span> <span class='ocrx_word' id='word_1_5' title='bbox 613 662 658 703; x_wconf 86' lang='lat' dir='ltr'>vs.</span> <span class='ocrx_word' id='word_1_6' title='bbox 684 641 747 703; x_wconf 88' lang='grc'>208</span> <span class='ocrx_word' id='word_1_7' title='bbox 772 659 844 702; x_wconf 92' lang='lat' dir='ltr'>cum</span> <span class='ocrx_word' id='word_1_8' title='bbox 869 633 1081 699; x_wconf 75' lang='lat' dir='ltr'>antecedente</span> <span class='ocrx_word' id='word_1_9' title='bbox 1105 632 1292 712; x_wconf 77' lang='lat' dir='ltr'>coniunxit3</span> 
     </span>
     <span class='ocr_line' id='line_1_3' title="bbox 174 737 1293 812; baseline -0.013 0"><span class='ocrx_word' id='word_1_10' title='bbox 174 770 271 812; x_wconf 88' lang='lat' dir='ltr'>unam</span> <span class='ocrx_word' id='word_1_11' title='bbox 295 748 380 811; x_wconf 92' lang='lat' dir='ltr'>enim</span> <span class='ocrx_word' id='word_1_12' title='bbox 403 748 437 809; x_wconf 94' lang='lat' dir='ltr'>hi</span> <span class='ocrx_word' id='word_1_13' title='bbox 461 747 524 811; x_wconf 94' lang='lat' dir='ltr'>duo</span> <span class='ocrx_word' id='word_1_14' title='bbox 549 745 696 809; x_wconf 89' lang='lat' dir='ltr'>efficiunt</span> <span class='ocrx_word' id='word_1_15' title='bbox 720 742 923 807; x_wconf 79' lang='lat' dir='ltr'>sententiam.</span> <span class='ocrx_word' id='word_1_16' title='bbox 949 737 1013 802; x_wconf 80' lang='lat' dir='ltr'>Sed</span> <span class='ocrx_word' id='word_1_17' title='bbox 1037 738 1117 800; x_wconf 88' lang='lat' dir='ltr'>haec</span> <span class='ocrx_word' id='word_1_18' title='bbox 1131 737 1293 798; x_wconf 89' lang='lat' dir='ltr'>sententia</span> 
     </span>
     <span class='ocr_line' id='line_1_4' title="bbox 173 854 869 938; baseline -0.011 -22"><span class='ocrx_word' id='word_1_19' title='bbox 173 860 247 938; x_wconf 88' lang='lat' dir='ltr'>post</span> <span class='ocrx_word' id='word_1_20' title='bbox 269 874 314 915; x_wconf 88' lang='lat' dir='ltr'>vs.</span> <span class='ocrx_word' id='word_1_21' title='bbox 339 855 402 915; x_wconf 82' lang='grc'>205</span> <span class='ocrx_word' id='word_1_22' title='bbox 427 854 523 937; x_wconf 88' lang='lat' dir='ltr'>plane</span> <span class='ocrx_word' id='word_1_23' title='bbox 548 871 787 935; x_wconf 87' lang='lat' dir='ltr'>supervacanea</span> <span class='ocrx_word' id='word_1_24' title='bbox 811 855 869 910; x_wconf 89' lang='lat' dir='ltr'>est.</span> 
     </span>
    </p>

    <p class='ocr_par' dir='ltr' id='par_1_3' title="bbox 171 946 1291 2402">
     <span class='ocr_line' id='line_1_5' title="bbox 219 946 1291 1041; baseline -0.009 -22"><span class='ocrx_word' id='word_1_25' title='bbox 219 955 283 1019; x_wconf 86' lang='lat' dir='ltr'>Sed</span> <span class='ocrx_word' id='word_1_26' title='bbox 317 957 405 1020; x_wconf 91' lang='lat' dir='ltr'>aliud</span> <span class='ocrx_word' id='word_1_27' title='bbox 439 977 565 1041; x_wconf 88' lang='lat' dir='ltr'>quoque</span> <span class='ocrx_word' id='word_1_28' title='bbox 597 955 646 1018; x_wconf 89' lang='lat' dir='ltr'>his</span> <span class='ocrx_word' id='word_1_29' title='bbox 669 955 814 1018; x_wconf 87' lang='lat' dir='ltr'>versibus</span> <span class='ocrx_word' id='word_1_30' title='bbox 837 952 930 1031; x_wconf 76' lang='lat' dir='ltr'>inest,</span> <span class='ocrx_word' id='word_1_31' title='bbox 956 947 1040 1032; x_wconf 90' lang='lat' dir='ltr'>quod</span> <span class='ocrx_word' id='word_1_32' title='bbox 1065 946 1169 1009; x_wconf 83' lang='lat' dir='ltr'>elficit</span> <span class='ocrx_word' id='word_1_33' title='bbox 1194 954 1291 1031; x_wconf 89' lang='lat' dir='ltr'>atque</span> 
     </span>
     <span class='ocr_line' id='line_1_6' title="bbox 174 1052 1290 1143; baseline -0.012 -19"><span class='ocrx_word' id='word_1_34' title='bbox 174 1062 288 1125; x_wconf 89' lang='lat' dir='ltr'>obstat.</span> <span class='ocrx_word' id='word_1_35' title='bbox 320 1061 405 1134; x_wconf 81' lang='lat' dir='ltr'>Quid</span> <span class='ocrx_word' id='word_1_36' title='bbox 429 1063 515 1125; x_wconf 89' lang='lat' dir='ltr'>enim</span> <span class='ocrx_word' id='word_1_37' title='bbox 539 1061 591 1123; x_wconf 91' lang='lat' dir='ltr'>hic</span> <span class='ocrx_word' id='word_1_38' title='bbox 613 1060 805 1143; x_wconf 73' lang='lat' dir='ltr'>Augustus?</span> <span class='ocrx_word' id='word_1_39' title='bbox 828 1055 881 1118; x_wconf 87' lang='lat' dir='ltr'>Ad</span> <span class='ocrx_word' id='word_1_40' title='bbox 906 1053 1179 1137; x_wconf 76' lang='lat' dir='ltr'>comparationem</span> <span class='ocrx_word' id='word_1_41' title='bbox 1204 1052 1290 1113; x_wconf 90' lang='lat' dir='ltr'>simi-</span> 
     </span>
     <span class='ocr_line' id='line_1_7' title="bbox 173 1157 1291 1251; baseline -0.01 -23"><span class='ocrx_word' id='word_1_42' title='bbox 173 1166 406 1251; x_wconf 88' lang='lat' dir='ltr'>litudinemque</span> <span class='ocrx_word' id='word_1_43' title='bbox 448 1165 685 1251; x_wconf 82' lang='lat' dir='ltr'>supplendam?</span> <span class='ocrx_word' id='word_1_44' title='bbox 727 1163 861 1225; x_wconf 87' lang='lat' dir='ltr'>Minime</span> <span class='ocrx_word' id='word_1_45' title='bbox 897 1158 1112 1222; x_wconf 84' lang='lat' dir='ltr'>necessarium</span> <span class='ocrx_word' id='word_1_46' title='bbox 1148 1165 1205 1219; x_wconf 89' lang='lat' dir='ltr'>est.</span> <span class='ocrx_word' id='word_1_47' title='bbox 1247 1157 1291 1219; x_wconf 90' lang='lat' dir='ltr'>Ut</span> 
     </span>
     <span class='ocr_line' id='line_1_8' title="bbox 174 1263 1289 1355; baseline -0.007 -21"><span class='ocrx_word' id='word_1_48' title='bbox 174 1272 260 1334; x_wconf 86' lang='lat' dir='ltr'>onim</span> <span class='ocrx_word' id='word_1_49' title='bbox 307 1271 351 1334; x_wconf 90' lang='lat' dir='ltr'>dii</span> <span class='ocrx_word' id='word_1_50' title='bbox 397 1292 517 1351; x_wconf 75' lang='lat' dir='ltr'>omnes,</span> <span class='ocrx_word' id='word_1_51' title='bbox 559 1271 604 1334; x_wconf 90' lang='lat' dir='ltr'>ait</span> <span class='ocrx_word' id='word_1_52' title='bbox 639 1276 746 1354; x_wconf 82' lang='lat' dir='ltr'>poeta,</span> <span class='ocrx_word' id='word_1_53' title='bbox 783 1267 892 1355; x_wconf 88' lang='lat' dir='ltr'>audita</span> <span class='ocrx_word' id='word_1_54' title='bbox 927 1265 1086 1349; x_wconf 84' lang='lat' dir='ltr'>Lycaonis</span> <span class='ocrx_word' id='word_1_55' title='bbox 1122 1263 1289 1326; x_wconf 88' lang='lat' dir='ltr'>ferocitate</span> 
     </span>
     <span class='ocr_line' id='line_1_9' title="bbox 173 1370 1289 1459; baseline -0.007 -20"><span class='ocrx_word' id='word_1_56' title='bbox 173 1377 445 1456; x_wconf 87' lang='lat' dir='ltr'>confremuerunt,</span> <span class='ocrx_word' id='word_1_57' title='bbox 506 1376 551 1438; x_wconf 90' lang='lat' dir='ltr'>sic</span> <span class='ocrx_word' id='word_1_58' title='bbox 609 1382 681 1459; x_wconf 89' lang='lat' dir='ltr'>post</span> <span class='ocrx_word' id='word_1_59' title='bbox 733 1371 902 1436; x_wconf 80' lang='lat' dir='ltr'>Caesarem</span> <span class='ocrx_word' id='word_1_60' title='bbox 950 1370 1155 1433; x_wconf 88' lang='lat' dir='ltr'>interfectum</span> <span class='ocrx_word' id='word_1_61' title='bbox 1202 1376 1289 1432; x_wconf 92' lang='lat' dir='ltr'>totus</span> 
     </span>
     <span class='ocr_line' id='line_1_10' title="bbox 171 1474 1288 1564; baseline -0.007 -20"><span class='ocrx_word' id='word_1_62' title='bbox 171 1481 255 1544; x_wconf 89' lang='lat' dir='ltr'>orbis</span> <span class='ocrx_word' id='word_1_63' title='bbox 292 1489 414 1543; x_wconf 86' lang='lat' dir='ltr'>terrore</span> <span class='ocrx_word' id='word_1_64' title='bbox 449 1480 641 1564; x_wconf 87' lang='lat' dir='ltr'>perhorruit.</span> <span class='ocrx_word' id='word_1_65' title='bbox 678 1478 760 1542; x_wconf 84' lang='lat' dir='ltr'>Tota</span> <span class='ocrx_word' id='word_1_66' title='bbox 795 1478 893 1558; x_wconf 73' lang='lat' dir='ltr'>igitur</span> <span class='ocrx_word' id='word_1_67' title='bbox 928 1474 1104 1539; x_wconf 89' lang='lat' dir='ltr'>similitudo</span> <span class='ocrx_word' id='word_1_68' title='bbox 1141 1474 1288 1536; x_wconf 84' lang='lat' dir='ltr'>versibus</span> 
     </span>
     <span class='ocr_line' id='line_1_11' title="bbox 171 1579 1287 1668; baseline -0.004 -21"><span class='ocrx_word' id='word_1_69' title='bbox 171 1587 235 1647; x_wconf 94' lang='grc'>200</span> <span class='ocrx_word' id='word_1_70' title='bbox 262 1623 299 1631; x_wconf 94' lang='grc'><strong>-</strong></span> <span class='ocrx_word' id='word_1_71' title='bbox 327 1584 390 1647; x_wconf 78' lang='grc'>203</span> <span class='ocrx_word' id='word_1_72' title='bbox 414 1585 509 1668; x_wconf 86' lang='lat' dir='ltr'>plane</span> <span class='ocrx_word' id='word_1_73' title='bbox 535 1591 583 1646; x_wconf 88' lang='lat' dir='ltr'>est</span> <span class='ocrx_word' id='word_1_74' title='bbox 607 1584 762 1647; x_wconf 84' lang='lat' dir='ltr'>absoluta.</span> <span class='ocrx_word' id='word_1_75' title='bbox 788 1582 904 1662; x_wconf 87' lang='lat' dir='ltr'>Neque</span> <span class='ocrx_word' id='word_1_76' title='bbox 929 1581 970 1645; x_wconf 87' lang='lat' dir='ltr'>ad</span> <span class='ocrx_word' id='word_1_77' title='bbox 983 1579 1197 1665; x_wconf 91' lang='lat' dir='ltr'>supplendam</span> <span class='ocrx_word' id='word_1_78' title='bbox 1209 1600 1287 1663; x_wconf 86' lang='lat' dir='ltr'>ergo</span> 
     </span>
     <span class='ocr_line' id='line_1_12' title="bbox 171 1685 1290 1773; baseline -0.004 -21"><span class='ocrx_word' id='word_1_79' title='bbox 171 1710 277 1773; x_wconf 89' lang='lat' dir='ltr'>noque</span> <span class='ocrx_word' id='word_1_80' title='bbox 301 1689 342 1752; x_wconf 87' lang='lat' dir='ltr'>ad</span> <span class='ocrx_word' id='word_1_81' title='bbox 366 1688 586 1752; x_wconf 81' lang='lat' dir='ltr'>exornandam</span> <span class='ocrx_word' id='word_1_82' title='bbox 610 1688 851 1751; x_wconf 89' lang='lat' dir='ltr'>similitudinem</span> <span class='ocrx_word' id='word_1_83' title='bbox 877 1689 1044 1772; x_wconf 90' lang='lat' dir='ltr'>quicquam</span> <span class='ocrx_word' id='word_1_84' title='bbox 1069 1685 1188 1748; x_wconf 86' lang='lat' dir='ltr'>addere</span> <span class='ocrx_word' id='word_1_85' title='bbox 1209 1707 1290 1770; x_wconf 88' lang='lat' dir='ltr'>opus</span> 
     </span>
     <span class='ocr_line' id='line_1_13' title="bbox 172 1791 1289 1877; baseline -0.004 -19"><span class='ocrx_word' id='word_1_86' title='bbox 172 1802 250 1858; x_wconf 87' lang='lat' dir='ltr'>crat.</span> <span class='ocrx_word' id='word_1_87' title='bbox 283 1793 390 1866; x_wconf 78' lang='lat' dir='ltr'>Quare</span> <span class='ocrx_word' id='word_1_88' title='bbox 427 1814 508 1877; x_wconf 87' lang='lat' dir='ltr'>quac</span> <span class='ocrx_word' id='word_1_89' title='bbox 543 1802 720 1877; x_wconf 88' lang='lat' dir='ltr'>sequuntur</span> <span class='ocrx_word' id='word_1_90' title='bbox 753 1815 813 1855; x_wconf 90' lang='lat' dir='ltr'>vss.</span> <span class='ocrx_word' id='word_1_91' title='bbox 850 1795 914 1855; x_wconf 82' lang='grc'>204</span> <span class='ocrx_word' id='word_1_92' title='bbox 950 1815 995 1876; x_wconf 86' lang='lat' dir='ltr'>sq.</span> <span class='ocrx_word' id='word_1_93' title='bbox 1031 1792 1128 1876; x_wconf 90' lang='lat' dir='ltr'>paulo</span> <span class='ocrx_word' id='word_1_94' title='bbox 1158 1791 1289 1875; x_wconf 77' lang='lat' dir='ltr'>longius</span> 
     </span>
     <span class='ocr_line' id='line_1_14' title="bbox 171 1896 1288 1985; baseline -0.003 -23"><span class='ocrx_word' id='word_1_95' title='bbox 171 1899 274 1985; x_wconf 90' lang='lat' dir='ltr'>petita</span> <span class='ocrx_word' id='word_1_96' title='bbox 298 1905 382 1980; x_wconf 85' lang='lat' dir='ltr'>sunt,</span> <span class='ocrx_word' id='word_1_97' title='bbox 405 1920 520 1983; x_wconf 92' lang='lat' dir='ltr'>parum</span> <span class='ocrx_word' id='word_1_98' title='bbox 544 1898 784 1962; x_wconf 88' lang='lat' dir='ltr'>accommodata</span> <span class='ocrx_word' id='word_1_99' title='bbox 808 1905 883 1961; x_wconf 89' lang='lat' dir='ltr'>sunt</span> <span class='ocrx_word' id='word_1_100' title='bbox 906 1898 965 1960; x_wconf 89' lang='lat' dir='ltr'>toti</span> <span class='ocrx_word' id='word_1_101' title='bbox 990 1897 1174 1959; x_wconf 88' lang='lat' dir='ltr'>narrationi.</span> <span class='ocrx_word' id='word_1_102' title='bbox 1211 1896 1288 1959; x_wconf 92' lang='lat' dir='ltr'>Non</span> 
     </span>
     <span class='ocr_line' id='line_1_15' title="bbox 175 2001 1291 2088; baseline -0.003 -22"><span class='ocrx_word' id='word_1_103' title='bbox 175 2012 296 2066; x_wconf 89' lang='lat' dir='ltr'>temere</span> <span class='ocrx_word' id='word_1_104' title='bbox 330 2003 429 2088; x_wconf 80' lang='lat' dir='ltr'>igitur</span> <span class='ocrx_word' id='word_1_105' title='bbox 463 2002 583 2066; x_wconf 91' lang='lat' dir='ltr'>dictum</span> <span class='ocrx_word' id='word_1_106' title='bbox 620 2010 677 2084; x_wconf 82' lang='lat' dir='ltr'>est,</span> <span class='ocrx_word' id='word_1_107' title='bbox 713 2004 793 2066; x_wconf 89' lang='lat' dir='ltr'>haec</span> <span class='ocrx_word' id='word_1_108' title='bbox 828 2003 903 2065; x_wconf 90' lang='lat' dir='ltr'>data</span> <span class='ocrx_word' id='word_1_109' title='bbox 928 2023 1026 2086; x_wconf 93' lang='lat' dir='ltr'>opera</span> <span class='ocrx_word' id='word_1_110' title='bbox 1050 2002 1089 2064; x_wconf 92' lang='lat' dir='ltr'>ab</span> <span class='ocrx_word' id='word_1_111' title='bbox 1115 2001 1231 2064; x_wconf 88' lang='lat' dir='ltr'>Ovidio</span> <span class='ocrx_word' id='word_1_112' title='bbox 1256 2001 1291 2063; x_wconf 92' lang='lat' dir='ltr'>in</span> 
     </span>
     <span class='ocr_line' id='line_1_16' title="bbox 172 2106 1288 2193; baseline -0.002 -22"><span class='ocrx_word' id='word_1_113' title='bbox 172 2108 328 2171; x_wconf 90' lang='lat' dir='ltr'>honorem</span> <span class='ocrx_word' id='word_1_114' title='bbox 373 2108 514 2193; x_wconf 84' lang='lat' dir='ltr'>Augusti</span> <span class='ocrx_word' id='word_1_115' title='bbox 550 2115 646 2189; x_wconf 78' lang='lat' dir='ltr'>atque</span> <span class='ocrx_word' id='word_1_116' title='bbox 682 2117 716 2170; x_wconf 91' lang='lat' dir='ltr'>ut</span> <span class='ocrx_word' id='word_1_117' title='bbox 752 2108 781 2171; x_wconf 92' lang='lat' dir='ltr'>ei</span> <span class='ocrx_word' id='word_1_118' title='bbox 816 2106 1015 2170; x_wconf 87' lang='lat' dir='ltr'>blandiretur</span> <span class='ocrx_word' id='word_1_119' title='bbox 1050 2109 1170 2170; x_wconf 90' lang='lat' dir='ltr'>inserta</span> <span class='ocrx_word' id='word_1_120' title='bbox 1206 2128 1288 2169; x_wconf 90' lang='lat' dir='ltr'>esse.</span> 
     </span>
     <span class='ocr_line' id='line_1_17' title="bbox 172 2211 1290 2296; baseline -0.001 -21"><span class='ocrx_word' id='word_1_121' title='bbox 172 2213 319 2276; x_wconf 86' lang='lat' dir='ltr'>Eandem</span> <span class='ocrx_word' id='word_1_122' title='bbox 354 2214 440 2275; x_wconf 93' lang='lat' dir='ltr'>onim</span> <span class='ocrx_word' id='word_1_123' title='bbox 465 2214 505 2276; x_wconf 94' lang='lat' dir='ltr'>ob</span> <span class='ocrx_word' id='word_1_124' title='bbox 529 2235 658 2276; x_wconf 88' lang='lat' dir='ltr'>causam</span> <span class='ocrx_word' id='word_1_125' title='bbox 683 2215 780 2276; x_wconf 91' lang='lat' dir='ltr'>ctiam</span> <span class='ocrx_word' id='word_1_126' title='bbox 804 2235 849 2275; x_wconf 87' lang='lat' dir='ltr'>vs.</span> <span class='ocrx_word' id='word_1_127' title='bbox 877 2215 938 2276; x_wconf 80' lang='lat'>175</span> <span class='ocrx_word' id='word_1_128' title='bbox 964 2235 1008 2296; x_wconf 90' lang='lat' dir='ltr'>sq.</span> <span class='ocrx_word' id='word_1_129' title='bbox 1034 2214 1176 2296; x_wconf 84' lang='lat' dir='ltr'>regalem</span> <span class='ocrx_word' id='word_1_130' title='bbox 1201 2211 1290 2274; x_wconf 87' lang='lat' dir='ltr'>lovis</span> 
     </span>
     <span class='ocr_line' id='line_1_18' title="bbox 172 2315 992 2402; baseline 0.001 -23"><span class='ocrx_word' id='word_1_131' title='bbox 172 2315 303 2380; x_wconf 91' lang='lat' dir='ltr'>domum</span> <span class='ocrx_word' id='word_1_132' title='bbox 326 2338 397 2379; x_wconf 92' lang='lat' dir='ltr'>cum</span> <span class='ocrx_word' id='word_1_133' title='bbox 420 2317 547 2381; x_wconf 87' lang='lat' dir='ltr'>Palatio</span> <span class='ocrx_word' id='word_1_134' title='bbox 572 2317 717 2381; x_wconf 73' lang='lat' dir='ltr'>Caesaris</span> <span class='ocrx_word' id='word_1_135' title='bbox 742 2325 992 2402; x_wconf 87' lang='lat' dir='ltr'>comparaverat.</span> 
     </span>
    </p>

    <p class='ocr_par' dir='ltr' id='par_1_4' title="bbox 216 2419 1290 2506">
     <span class='ocr_line' id='line_1_19' title="bbox 216 2419 1290 2506; baseline 0 -22"><span class='ocrx_word' id='word_1_136' title='bbox 216 2419 333 2484; x_wconf 86' lang='lat' dir='ltr'>Nonne</span> <span class='ocrx_word' id='word_1_137' title='bbox 364 2421 461 2484; x_wconf 88' lang='lat' dir='ltr'>etiam</span> <span class='ocrx_word' id='word_1_138' title='bbox 485 2421 565 2485; x_wconf 87' lang='lat' dir='ltr'>haec</span> <span class='ocrx_word' id='word_1_139' title='bbox 589 2423 696 2485; x_wconf 88' lang='lat' dir='ltr'>omnia</span> <span class='ocrx_word' id='word_1_140' title='bbox 720 2422 812 2484; x_wconf 85' lang='lat' dir='ltr'>facile</span> <span class='ocrx_word' id='word_1_141' title='bbox 837 2423 991 2506; x_wconf 83' lang='lat' dir='ltr'>explicari</span> <span class='ocrx_word' id='word_1_142' title='bbox 1015 2429 1149 2506; x_wconf 91' lang='lat' dir='ltr'>possunt</span> <span class='ocrx_word' id='word_1_143' title='bbox 1174 2441 1215 2483; x_wconf 80' lang='lat' dir='ltr'>ex</span> <span class='ocrx_word' id='word_1_144' title='bbox 1240 2441 1290 2501; x_wconf 83' lang='lat' dir='ltr'>eo,</span> 
     </span>
    </p>
   </div>
   <div class='ocr_carea' id='block_1_3' title="bbox 172 2523 1291 3137">
    <p class='ocr_par' dir='ltr' id='par_1_5' title="bbox 172 2523 1291 3137">
     <span class='ocr_line' id='line_1_20' title="bbox 173 2523 1291 2611; baseline -0.001 -24"><span class='ocrx_word' id='word_1_145' title='bbox 173 2524 258 2608; x_wconf 92' lang='lat' dir='ltr'>quod</span> <span class='ocrx_word' id='word_1_146' title='bbox 299 2532 395 2609; x_wconf 89' lang='lat' dir='ltr'>poeta</span> <span class='ocrx_word' id='word_1_147' title='bbox 436 2527 506 2611; x_wconf 88' lang='lat' dir='ltr'>ipse</span> <span class='ocrx_word' id='word_1_148' title='bbox 541 2527 616 2590; x_wconf 93' lang='lat' dir='ltr'>huic</span> <span class='ocrx_word' id='word_1_149' title='bbox 650 2528 718 2589; x_wconf 93' lang='lat' dir='ltr'>loco</span> <span class='ocrx_word' id='word_1_150' title='bbox 754 2547 884 2589; x_wconf 91' lang='lat' dir='ltr'>manum</span> <span class='ocrx_word' id='word_1_151' title='bbox 920 2526 1092 2589; x_wconf 89' lang='lat' dir='ltr'>secundam</span> <span class='ocrx_word' id='word_1_152' title='bbox 1129 2523 1291 2605; x_wconf 80' lang='lat' dir='ltr'>adhibuit,</span> 
     </span>
     <span class='ocr_line' id='line_1_21' title="bbox 173 2630 1291 2717; baseline 0.001 -26"><span class='ocrx_word' id='word_1_153' title='bbox 173 2649 275 2712; x_wconf 87' lang='lat' dir='ltr'>eaque</span> <span class='ocrx_word' id='word_1_154' title='bbox 306 2651 388 2714; x_wconf 90' lang='lat' dir='ltr'>quae</span> <span class='ocrx_word' id='word_1_155' title='bbox 420 2631 523 2717; x_wconf 91' lang='lat' dir='ltr'>primo</span> <span class='ocrx_word' id='word_1_156' title='bbox 548 2631 717 2717; x_wconf 88' lang='lat' dir='ltr'>scripserat</span> <span class='ocrx_word' id='word_1_157' title='bbox 741 2632 773 2692; x_wconf 93' lang='lat' dir='ltr'>in</span> <span class='ocrx_word' id='word_1_158' title='bbox 797 2631 952 2695; x_wconf 92' lang='lat' dir='ltr'>honorem</span> <span class='ocrx_word' id='word_1_159' title='bbox 976 2631 1129 2715; x_wconf 90' lang='lat' dir='ltr'>principis</span> <span class='ocrx_word' id='word_1_160' title='bbox 1153 2630 1291 2714; x_wconf 89' lang='lat' dir='ltr'>amplifi·</span> 
     </span>
     <span class='ocr_line' id='line_1_22' title="bbox 172 2733 1289 2820; baseline 0.002 -24"><span class='ocrx_word' id='word_1_161' title='bbox 172 2733 272 2816; x_wconf 75' lang='lat' dir='ltr'>cavit3</span> <span class='ocrx_word' id='word_1_162' title='bbox 295 2735 340 2797; x_wconf 91' lang='lat' dir='ltr'>ita</span> <span class='ocrx_word' id='word_1_163' title='bbox 363 2742 400 2798; x_wconf 91' lang='lat' dir='ltr'>ut</span> <span class='ocrx_word' id='word_1_164' title='bbox 424 2736 521 2798; x_wconf 87' lang='lat' dir='ltr'>etiam</span> <span class='ocrx_word' id='word_1_165' title='bbox 545 2736 597 2799; x_wconf 93' lang='lat' dir='ltr'>hic</span> <span class='ocrx_word' id='word_1_166' title='bbox 621 2735 742 2820; x_wconf 88' lang='lat' dir='ltr'>duplex</span> <span class='ocrx_word' id='word_1_167' title='bbox 767 2737 905 2799; x_wconf 90' lang='lat' dir='ltr'>auctoris</span> <span class='ocrx_word' id='word_1_168' title='bbox 918 2737 1074 2820; x_wconf 90' lang='lat' dir='ltr'>scriptura</span> <span class='ocrx_word' id='word_1_169' title='bbox 1087 2742 1214 2798; x_wconf 85' lang='lat' dir='ltr'>servata</span> <span class='ocrx_word' id='word_1_170' title='bbox 1229 2734 1289 2798; x_wconf 81' lang='lat' dir='ltr'>sit?</span> 
     </span>
     <span class='ocr_line' id='line_1_23' title="bbox 217 2837 1291 2925; baseline 0.003 -25"><span class='ocrx_word' id='word_1_171' title='bbox 217 2837 351 2902; x_wconf 90' lang='lat' dir='ltr'>Omissis</span> <span class='ocrx_word' id='word_1_172' title='bbox 386 2842 471 2903; x_wconf 89' lang='lat' dir='ltr'>enim</span> <span class='ocrx_word' id='word_1_173' title='bbox 507 2840 608 2904; x_wconf 89' lang='lat' dir='ltr'>tribus</span> <span class='ocrx_word' id='word_1_174' title='bbox 646 2841 707 2903; x_wconf 86' lang='lat' dir='ltr'>illis</span> <span class='ocrx_word' id='word_1_175' title='bbox 730 2842 885 2904; x_wconf 76' lang='lat' dir='ltr'>versibus</span> <span class='ocrx_word' id='word_1_176' title='bbox 910 2861 1046 2921; x_wconf 91' lang='lat' dir='ltr'>quorum</span> <span class='ocrx_word' id='word_1_177' title='bbox 1070 2842 1174 2925; x_wconf 91' lang='lat' dir='ltr'>prima</span> <span class='ocrx_word' id='word_1_178' title='bbox 1196 2848 1291 2925; x_wconf 86' lang='lat' dir='ltr'>parte</span> 
     </span>
     <span class='ocr_line' id='line_1_24' title="bbox 173 2942 1291 3031; baseline 0.002 -25"><span class='ocrx_word' id='word_1_179' title='bbox 173 2942 211 3006; x_wconf 89' lang='lat' dir='ltr'>ad</span> <span class='ocrx_word' id='word_1_180' title='bbox 248 2945 520 3029; x_wconf 77' lang='lat' dir='ltr'>comparationem</span> <span class='ocrx_word' id='word_1_181' title='bbox 557 2968 638 3030; x_wconf 88' lang='lat' dir='ltr'>opus</span> <span class='ocrx_word' id='word_1_182' title='bbox 673 2968 738 3009; x_wconf 87' lang='lat' dir='ltr'>non</span> <span class='ocrx_word' id='word_1_183' title='bbox 771 2954 828 3027; x_wconf 89' lang='lat' dir='ltr'>est,</span> <span class='ocrx_word' id='word_1_184' title='bbox 860 2947 961 3009; x_wconf 90' lang='lat' dir='ltr'>altera</span> <span class='ocrx_word' id='word_1_185' title='bbox 984 2968 1058 3031; x_wconf 87' lang='lat' dir='ltr'>pars</span> <span class='ocrx_word' id='word_1_186' title='bbox 1081 2949 1178 3031; x_wconf 88' lang='lat' dir='ltr'>plane</span> <span class='ocrx_word' id='word_1_187' title='bbox 1201 2946 1291 3009; x_wconf 88' lang='lat' dir='ltr'>idem</span> 
     </span>
     <span class='ocr_line' id='line_1_25' title="bbox 172 3049 1155 3137; baseline 0.004 -25"><span class='ocrx_word' id='word_1_188' title='bbox 172 3049 329 3131; x_wconf 85' lang='lat' dir='ltr'>enuntiat,</span> <span class='ocrx_word' id='word_1_189' title='bbox 353 3050 438 3134; x_wconf 92' lang='lat' dir='ltr'>quod</span> <span class='ocrx_word' id='word_1_190' title='bbox 461 3071 571 3113; x_wconf 86' lang='lat' dir='ltr'>versus</span> <span class='ocrx_word' id='word_1_191' title='bbox 595 3072 742 3135; x_wconf 84' lang='lat' dir='ltr'>sequens,</span> <span class='ocrx_word' id='word_1_192' title='bbox 766 3053 866 3115; x_wconf 89' lang='lat' dir='ltr'>oratio</span> <span class='ocrx_word' id='word_1_193' title='bbox 891 3053 1011 3136; x_wconf 88' lang='lat' dir='ltr'>optime</span> <span class='ocrx_word' id='word_1_194' title='bbox 1035 3055 1155 3137; x_wconf 83' lang='lat' dir='ltr'>pergit:</span> 
     </span>
    </p>
   </div>
   <div class='ocr_carea' id='block_1_4' title="bbox 168 3179 1291 4517">
    <p class='ocr_par' dir='ltr' id='par_1_6' title="bbox 306 3179 1240 3562">
     <span class='ocr_line' id='line_1_26' title="bbox 307 3179 1240 3264; baseline 0.003 -21"><span class='ocrx_word' id='word_1_195' title='bbox 307 3179 557 3260; x_wconf 76' lang='lat' dir='ltr'>„Confremuere</span> <span class='ocrx_word' id='word_1_196' title='bbox 582 3204 693 3246; x_wconf 89' lang='lat' dir='ltr'>omnes</span> <span class='ocrx_word' id='word_1_197' title='bbox 715 3184 893 3264; x_wconf 88' lang='lat' dir='ltr'>studiisque</span> <span class='ocrx_word' id='word_1_198' title='bbox 917 3184 1104 3247; x_wconf 88' lang='lat' dir='ltr'>ardentibus</span> <span class='ocrx_word' id='word_1_199' title='bbox 1128 3206 1240 3248; x_wconf 90' lang='lat' dir='ltr'>ausum</span> 
     </span>
     <span class='ocr_line' id='line_1_27' title="bbox 306 3285 1153 3375; baseline 0.005 -28"><span class='ocrx_word' id='word_1_200' title='bbox 306 3287 384 3349; x_wconf 87' lang='lat' dir='ltr'>talia</span> <span class='ocrx_word' id='word_1_201' title='bbox 408 3285 594 3373; x_wconf 90' lang='lat' dir='ltr'>deposcunt.</span> <span class='ocrx_word' id='word_1_202' title='bbox 619 3287 671 3351; x_wconf 81' lang='lat' dir='ltr'>Sic</span> <span class='ocrx_word' id='word_1_203' title='bbox 695 3309 767 3351; x_wconf 88' lang='lat' dir='ltr'>cum</span> <span class='ocrx_word' id='word_1_204' title='bbox 791 3309 905 3352; x_wconf 90' lang='lat' dir='ltr'>manus</span> <span class='ocrx_word' id='word_1_205' title='bbox 929 3290 1027 3375; x_wconf 89' lang='lat' dir='ltr'>impia</span> <span class='ocrx_word' id='word_1_206' title='bbox 1051 3290 1153 3353; x_wconf 89' lang='lat' dir='ltr'>saevit</span> 
     </span>
     <span class='ocr_line' id='line_1_28' title="bbox 307 3390 1239 3477; baseline 0.003 -24"><span class='ocrx_word' id='word_1_207' title='bbox 307 3392 465 3475; x_wconf 86' lang='lat' dir='ltr'>sanguiue</span> <span class='ocrx_word' id='word_1_208' title='bbox 489 3390 646 3455; x_wconf 73' lang='lat' dir='ltr'>Caesareo</span> <span class='ocrx_word' id='word_1_209' title='bbox 669 3393 853 3456; x_wconf 88' lang='lat' dir='ltr'>Romanum</span> <span class='ocrx_word' id='word_1_210' title='bbox 878 3394 1086 3477; x_wconf 77' lang='lat' dir='ltr'>exstinguere</span> <span class='ocrx_word' id='word_1_211' title='bbox 1109 3415 1239 3476; x_wconf 86' lang='lat' dir='ltr'>nomen,</span> 
     </span>
     <span class='ocr_line' id='line_1_29' title="bbox 308 3496 1023 3562; baseline 0.008 -6"><span class='ocrx_word' id='word_1_212' title='bbox 308 3496 480 3558; x_wconf 88' lang='lat' dir='ltr'>attonitum</span> <span class='ocrx_word' id='word_1_213' title='bbox 504 3503 592 3560; x_wconf 87' lang='lat' dir='ltr'>tanto</span> <span class='ocrx_word' id='word_1_214' title='bbox 617 3498 742 3561; x_wconf 85' lang='lat' dir='ltr'>subitae</span> <span class='ocrx_word' id='word_1_215' title='bbox 766 3504 887 3561; x_wconf 89' lang='lat' dir='ltr'>terrore</span> <span class='ocrx_word' id='word_1_216' title='bbox 912 3499 1023 3562; x_wconf 86' lang='lat' dir='ltr'>ruinae</span> 
     </span>
    </p>

    <p class='ocr_par' dir='ltr' id='par_1_7' title="bbox 308 3598 1175 3900">
     <span class='ocr_line' id='line_1_30' title="bbox 308 3598 1175 3689; baseline 0.008 -29"><span class='ocrx_word' id='word_1_217' title='bbox 308 3598 486 3663; x_wconf 89' lang='lat' dir='ltr'>humanum</span> <span class='ocrx_word' id='word_1_218' title='bbox 508 3622 611 3686; x_wconf 84' lang='lat' dir='ltr'>genus</span> <span class='ocrx_word' id='word_1_219' title='bbox 634 3609 683 3666; x_wconf 90' lang='lat' dir='ltr'>est</span> <span class='ocrx_word' id='word_1_220' title='bbox 705 3609 855 3685; x_wconf 87' lang='lat' dir='ltr'>totusque</span> <span class='ocrx_word' id='word_1_221' title='bbox 877 3602 1061 3689; x_wconf 89' lang='lat' dir='ltr'>perhorruit</span> <span class='ocrx_word' id='word_1_222' title='bbox 1081 3604 1175 3667; x_wconf 90' lang='lat' dir='ltr'>orbis.</span> 
     </span>
     <span class='ocr_line' id='line_1_31' title="bbox 309 3703 1175 3795; baseline 0.008 -29"><span class='ocrx_word' id='word_1_223' title='bbox 309 3703 458 3767; x_wconf 81' lang='lat' dir='ltr'>Substitit</span> <span class='ocrx_word' id='word_1_224' title='bbox 479 3712 516 3769; x_wconf 91' lang='lat' dir='ltr'>ut</span> <span class='ocrx_word' id='word_1_225' title='bbox 540 3708 670 3789; x_wconf 87' lang='lat' dir='ltr'>clamor,</span> <span class='ocrx_word' id='word_1_226' title='bbox 691 3729 819 3792; x_wconf 87' lang='lat' dir='ltr'>prossus</span> <span class='ocrx_word' id='word_1_227' title='bbox 842 3710 1001 3795; x_wconf 84' lang='lat' dir='ltr'>gravitate</span> <span class='ocrx_word' id='word_1_228' title='bbox 1024 3710 1175 3792; x_wconf 84' lang='lat' dir='ltr'>regentis,</span> 
     </span>
     <span class='ocr_line' id='line_1_32' title="bbox 308 3808 1149 3900; baseline 0.008 -29"><span class='ocrx_word' id='word_1_229' title='bbox 308 3808 456 3894; x_wconf 90' lang='lat' dir='ltr'>Iuppiter</span> <span class='ocrx_word' id='word_1_230' title='bbox 477 3811 538 3873; x_wconf 92' lang='lat' dir='ltr'>hoc</span> <span class='ocrx_word' id='word_1_231' title='bbox 560 3811 678 3875; x_wconf 90' lang='lat' dir='ltr'>iterum</span> <span class='ocrx_word' id='word_1_232' title='bbox 702 3834 849 3878; x_wconf 87' lang='lat' dir='ltr'>sermone</span> <span class='ocrx_word' id='word_1_233' title='bbox 873 3815 1000 3879; x_wconf 88' lang='lat' dir='ltr'>silentia</span> <span class='ocrx_word' id='word_1_234' title='bbox 1023 3814 1149 3900; x_wconf 88' lang='lat' dir='ltr'>rupit.’&#39;.</span> 
     </span>
    </p>

    <p class='ocr_par' dir='ltr' id='par_1_8' title="bbox 168 3911 1291 4517">
     <span class='ocr_line' id='line_1_33' title="bbox 219 3911 1291 4006; baseline 0.009 -32"><span class='ocrx_word' id='word_1_235' title='bbox 219 3911 270 3975; x_wconf 88' lang='lat' dir='ltr'>Ita</span> <span class='ocrx_word' id='word_1_236' title='bbox 302 3913 409 3976; x_wconf 90' lang='lat' dir='ltr'>omnia</span> <span class='ocrx_word' id='word_1_237' title='bbox 445 3921 532 3978; x_wconf 90' lang='lat' dir='ltr'>recte</span> <span class='ocrx_word' id='word_1_238' title='bbox 556 3938 589 3979; x_wconf 91' lang='lat' dir='ltr'>se</span> <span class='ocrx_word' id='word_1_239' title='bbox 613 3917 743 3982; x_wconf 88' lang='lat' dir='ltr'>habent.</span> <span class='ocrx_word' id='word_1_240' title='bbox 769 3918 849 3982; x_wconf 84' lang='grc'>011111</span> <span class='ocrx_word' id='word_1_241' title='bbox 874 3927 982 3983; x_wconf 91' lang='lat' dir='ltr'>autem</span> <span class='ocrx_word' id='word_1_242' title='bbox 1005 3928 1117 4006; x_wconf 90' lang='lat' dir='ltr'>postea</span> <span class='ocrx_word' id='word_1_243' title='bbox 1141 3920 1291 3984; x_wconf 89' lang='lat' dir='ltr'>addenda</span> 
     </span>
     <span class='ocr_line' id='line_1_34' title="bbox 174 4016 1290 4109; baseline 0.01 -30"><span class='ocrx_word' id='word_1_244' title='bbox 174 4016 332 4101; x_wconf 85' lang='lat' dir='ltr'>quaedam</span> <span class='ocrx_word' id='word_1_245' title='bbox 367 4020 540 4084; x_wconf 87' lang='lat' dir='ltr'>arbitratus</span> <span class='ocrx_word' id='word_1_246' title='bbox 575 4030 660 4086; x_wconf 88' lang='lat' dir='ltr'>esset</span> <span class='ocrx_word' id='word_1_247' title='bbox 694 4024 840 4107; x_wconf 84' lang='lat' dir='ltr'>Ovidius,</span> <span class='ocrx_word' id='word_1_248' title='bbox 877 4027 985 4109; x_wconf 90' lang='lat' dir='ltr'>itaque</span> <span class='ocrx_word' id='word_1_249' title='bbox 1013 4026 1201 4090; x_wconf 88' lang='lat' dir='ltr'>inseruisset</span> <span class='ocrx_word' id='word_1_250' title='bbox 1224 4034 1290 4090; x_wconf 85' lang='lat' dir='ltr'>tres</span> 
     </span>
     <span class='ocr_line' id='line_1_35' title="bbox 172 4121 1288 4215; baseline 0.012 -33"><span class='ocrx_word' id='word_1_251' title='bbox 172 4121 243 4185; x_wconf 85' lang='lat' dir='ltr'>illos</span> <span class='ocrx_word' id='word_1_252' title='bbox 277 4143 388 4186; x_wconf 84' lang='lat' dir='ltr'>versus</span> <span class='ocrx_word' id='word_1_253' title='bbox 424 4125 609 4200; x_wconf 82' lang='grc'>204-206,</span> <span class='ocrx_word' id='word_1_254' title='bbox 643 4136 815 4212; x_wconf 87' lang='lat' dir='ltr'>sequentes</span> <span class='ocrx_word' id='word_1_255' title='bbox 839 4129 901 4194; x_wconf 91' lang='lat' dir='ltr'>duo</span> <span class='ocrx_word' id='word_1_256' title='bbox 922 4133 1152 4215; x_wconf 88' lang='lat' dir='ltr'>supervacanei</span> <span class='ocrx_word' id='word_1_257' title='bbox 1177 4140 1288 4214; x_wconf 79' lang='lat' dir='ltr'>erant3</span> 
     </span>
     <span class='ocr_line' id='line_1_36' title="bbox 172 4226 1288 4319; baseline 0.012 -31"><span class='ocrx_word' id='word_1_258' title='bbox 172 4232 204 4288; x_wconf 90' lang='lat' dir='ltr'>et</span> <span class='ocrx_word' id='word_1_259' title='bbox 238 4226 325 4290; x_wconf 90' lang='lat' dir='ltr'>haud</span> <span class='ocrx_word' id='word_1_260' title='bbox 361 4229 494 4294; x_wconf 92' lang='lat' dir='ltr'>dubium</span> <span class='ocrx_word' id='word_1_261' title='bbox 529 4242 587 4314; x_wconf 84' lang='lat' dir='ltr'>est,</span> <span class='ocrx_word' id='word_1_262' title='bbox 623 4235 701 4314; x_wconf 91' lang='lat' dir='ltr'>quin</span> <span class='ocrx_word' id='word_1_263' title='bbox 731 4235 789 4296; x_wconf 90' lang='lat' dir='ltr'>hos</span> <span class='ocrx_word' id='word_1_264' title='bbox 814 4236 986 4299; x_wconf 86' lang='lat' dir='ltr'>emissurus</span> <span class='ocrx_word' id='word_1_265' title='bbox 1010 4238 1133 4319; x_wconf 79' lang='lat' dir='ltr'>fuisset,</span> <span class='ocrx_word' id='word_1_266' title='bbox 1158 4238 1184 4300; x_wconf 92' lang='lat' dir='ltr'>si</span> <span class='ocrx_word' id='word_1_267' title='bbox 1204 4260 1288 4300; x_wconf 92' lang='lat' dir='ltr'>sum·</span> 
     </span>
     <span class='ocr_line' id='line_1_37' title="bbox 168 4337 1289 4422; baseline 0.017 -30"><span class='ocrx_word' id='word_1_268' title='bbox 168 4352 257 4394; x_wconf 88' lang='lat' dir='ltr'>mam</span> <span class='ocrx_word' id='word_1_269' title='bbox 289 4355 420 4397; x_wconf 87' lang='lat' dir='ltr'>manum</span> <span class='ocrx_word' id='word_1_270' title='bbox 444 4337 598 4401; x_wconf 87' lang='lat' dir='ltr'>adhibere</span> <span class='ocrx_word' id='word_1_271' title='bbox 622 4340 789 4422; x_wconf 89' lang='lat' dir='ltr'>potuisset.</span> <span class='ocrx_word' id='word_1_272' title='bbox 813 4339 882 4410; x_wconf 86' lang='lat' dir='ltr'>Aut</span> <span class='ocrx_word' id='word_1_273' title='bbox 906 4343 991 4412; x_wconf 89' lang='lat' dir='ltr'>enirn</span> <span class='ocrx_word' id='word_1_274' title='bbox 1015 4351 1080 4413; x_wconf 83' lang='lat' dir='ltr'>tres</span> <span class='ocrx_word' id='word_1_275' title='bbox 1103 4344 1150 4411; x_wconf 84' lang='lat' dir='ltr'>illi</span> <span class='ocrx_word' id='word_1_276' title='bbox 1174 4351 1230 4411; x_wconf 89' lang='lat' dir='ltr'>aut</span> <span class='ocrx_word' id='word_1_277' title='bbox 1257 4344 1289 4410; x_wconf 86' lang='lat' dir='ltr'>bi</span> 
     </span>
     <span class='ocr_line' id='line_1_38' title="bbox 172 4435 544 4517; baseline 0.022 -14"><span class='ocrx_word' id='word_1_278' title='bbox 172 4435 235 4511; x_wconf 83' lang='lat' dir='ltr'>duo</span> <span class='ocrx_word' id='word_1_279' title='bbox 259 4439 420 4514; x_wconf 82' lang='lat' dir='ltr'>retinendi</span> <span class='ocrx_word' id='word_1_280' title='bbox 444 4450 544 4517; x_wconf 81' lang='lat' dir='ltr'>erant,</span> 
     </span>
    </p>
   </div>
   <div class='ocr_carea' id='block_1_5' title="bbox 0 0 1482 4958">
    <p class='ocr_par' dir='ltr' id='par_1_9' title="bbox 0 0 1482 4958">
     <span class='ocr_line' id='line_1_39' title="bbox 0 0 1482 4958; baseline 0 0"><span class='ocrx_word' id='word_1_281' title='bbox 0 0 1482 4958; x_wconf 95' lang='lat' dir='ltr'> </span> 
     </span>
    </p>
   </div>
  </div>
 </body>
</html>
