2956 4958
718 394 759 456 92

177 586 312 647 mutata.
342 576 469 641 Phoebi
500 595 641 640 amorem
675 596 832 662 spernens
864 573 985 660 nymha
1020 575 1121 661 fugit3
1146 576 1208 641 deo
1232 579 1303 644 eius

176 686 314 772 vestigia
334 689 503 771 premente
526 683 593 746 iam
619 681 746 767 iamque
772 703 845 746 eam
872 688 1017 745 assecuto

178 813 241 874 543
300 806 421 870 viribus
448 804 626 889 absumptis
651 803 810 890 expalluit
832 805 896 886 illa,
922 805 1069 889 citaeque

309 911 394 976 victa
417 910 527 974 labore
553 909 661 993 fugae,
688 916 835 994 spectans
854 909 1017 973 Peneidas
1038 909 1151 991 undas,

178 1022 241 1083 545
312 1015 394 1100 ,Fen
418 1014 531 1100 pater',
556 1014 669 1099 inquit,
696 1035 818 1099 ,opem3
838 1015 865 1077 si
876 1015 1010 1078 flumina
1025 1034 1146 1077 numen
1158 1014 1303 1102 habetis3

310 1144 372 1207 qua
395 1120 530 1184 nimium
555 1119 672 1204 placui,
697 1120 793 1182 tellus
815 1127 870 1183 aut
896 1120 983 1182 hisce
1007 1120 1060 1183 vel
1083 1121 1176 1182 istam

309 1246 391 1311 quae
413 1225 488 1288 facit
510 1232 547 1288 ut
569 1224 689 1306 laedar,
713 1224 866 1287 mutando
890 1224 990 1309 perde
1017 1224 1164 1309 figuram'

308 1330 377 1394 Vix
398 1350 495 1416 prece
520 1329 621 1409 finita,
647 1336 755 1414 torpor
778 1330 885 1413 gravis
911 1336 1046 1414 occupat
1072 1336 1170 1411 artus,
1194 1351 1263 1414 sqq.

220 1455 273 1520 sic
302 1456 379 1520 olim
411 1454 576 1518 edebatur.
608 1453 763 1517 Heinsius
794 1461 903 1517 tamen
931 1456 994 1517 546
1022 1460 1054 1517 54
1080 1456 1096 1516 7
1123 1453 1300 1519 Ouidianos

176 1584 240 1627 non
276 1561 449 1625 existimat.
484 1559 596 1647 Gierig
632 1580 675 1623 ex
710 1559 759 1622 his
792 1558 917 1622 duobus
951 1580 1052 1622 unum
1082 1560 1228 1642 confecit,
1254 1561 1300 1623 ita

175 1675 212 1732 54
233 1668 362 1752 legatur
386 1665 419 1728 id
444 1663 529 1749 quod
552 1685 625 1729 cum
649 1684 687 1727 eo
712 1684 797 1727 nuno
820 1664 949 1748 plurimi
969 1665 1108 1729 editores
1122 1665 1298 1729 exhibent:

309 1792 372 1857 qua
394 1771 530 1834 nimium
553 1770 670 1855 placui,
698 1768 852 1832 mutando
876 1770 976 1853 perde
1000 1771 1147 1854 figuram.

175 1878 303 1943 Merkel
337 1897 413 1940 vero
450 1876 587 1939 alterum
621 1873 848 1938 hemistichion
872 1897 917 1938 vs.
943 1877 1006 1938 545
1032 1880 1064 1938 54
1086 1875 1225 1960 primum
1251 1897 1297 1938 vs.

176 1985 239 2048 546
272 1982 400 2046 omittit.
424 1980 524 2044 Pauci
549 1979 688 2043 editores
713 1980 821 2043 omnia
844 1980 1056 2043 retinuerunt.
1085 1979 1219 2043 Codices
1246 1980 1298 2042 hie

176 2089 256 2152 mire
278 2087 414 2150 variant.

176 2194 413 2259 Laurentianus

292 2314 403 2381 ‘Victa
428 2317 538 2379 labore
562 2315 668 2399 fugae,
696 2316 802 2397 tellus,
827 2316 881 2396 ait,
907 2315 995 2379 hisee
1019 2317 1071 2378 vel
1094 2316 1188 2379 istam

309 2442 392 2506 quae
414 2421 490 2484 facit
515 2426 551 2484 ut
575 2419 696 2501 laedar,
723 2420 876 2483 mutando
899 2420 999 2505 perde
1023 2421 1171 2505 figuram,

308 2547 371 2610 qua
393 2524 528 2588 nimium
547 2524 654 2611 placui
679 2531 894 2609 spectansque
916 2526 1077 2588 Peneidos
1101 2525 1204 2588 undas

308 2631 366 2714 fer,
399 2636 501 2716 pater,
536 2630 649 2714 inquit,
679 2650 784 2714 opem,
806 2630 833 2693 si
854 2630 986 2692 flumina
1010 2651 1131 2692 numen
1158 2630 1294 2693 habetis.

174 2769 427 2856 Amplonianus:
449 2769 548 2850 (idem
573 2766 658 2852 quod
682 2768 758 2832 olim
782 2768 950 2849 edebatur)

307 2906 403 2970 Victa
425 2906 535 2969 labore
560 2905 657 2990 fugae
682 2912 830 2990 spectans
853 2905 1015 2968 Peneidos
1043 2906 1145 2969 undas
1250 2973 1251 2976 ,

308 3011 357 3074 fer
381 3017 473 3095 pater
499 3009 603 3105 inquit
627 3030 732 3094 opem,
760 3011 787 3073 si
810 3011 943 3073 flumina
968 3031 1087 3073 numen
1110 3010 1237 3074 habetis

309 3137 372 3201 qua
393 3114 530 3179 nimium
552 3114 659 3201 placui
681 3114 776 3177 tellus
802 3121 858 3177 aut
880 3114 968 3178 hisce
994 3116 1044 3178 vel
1071 3116 1165 3178 istam

309 3241 390 3306 quae
414 3221 490 3284 facit
512 3226 549 3284 54
570 3219 681 3284 laedar
704 3220 858 3283 mutando
882 3220 982 3305 perde
1007 3220 1159 3305 figuram.

176 3359 318 3444 Quisque
352 3359 485 3440 videbit,
521 3359 601 3423 haec
636 3379 671 3421 re
706 3380 783 3422 vera
819 3359 933 3422 eadem
968 3380 1054 3440 esse,
1086 3360 1142 3422 sed
1182 3358 1293 3423 ordine

175 3470 308 3529 mutato.
343 3464 386 3528 Et
419 3464 551 3550 paululo
586 3465 765 3527 accuratius
799 3464 962 3548 reputanti
998 3463 1083 3527 facili
1114 3462 1293 3548 apparebit,

174 3570 227 3633 hie
259 3569 338 3633 duas
375 3569 576 3654 precationes
611 3568 645 3631 in
674 3590 773 3632 unum
800 3569 931 3632 collatas
956 3576 989 3632 et
1012 3569 1160 3632 confusas
1186 3588 1273 3630 esse:

529 3706 635 3787 tellus,
658 3706 712 3787 ait,
737 3706 824 3769 hisce
849 3708 901 3770 vel
926 3708 1020 3771 istam
1122 3731 1125 3736 ·

308 3830 392 3892 quae
414 3810 490 3873 lacit
513 3816 550 3873 54
577 3810 697 3892 laedar,
721 3810 875 3874 mutando
898 3811 998 3897 perde
1026 3811 1163 3896 figuram

175 3921 223 3978 et:
525 3922 738 4001 spectansque
760 3915 922 3980 Peneidas
946 3911 1049 3979 undas

180 4046 182 4050 ⁴
308 4014 356 4083 fei
379 4024 472 4104 pater
494 4019 599 4106 inquit
622 4042 728 4106 opem,
752 4021 779 4084 si
801 4022 933 4085 fluorina
956 4042 1078 4085 numen
1103 4020 1239 4085 habetis.

174 4160 388 4226 Hemistiehia
413 4164 517 4227 enim:

308 4288 389 4352 quae
413 4268 489 4331 facit
512 4276 548 4333 ut
571 4271 681 4334 laedar

175 4378 207 4435 et
308 4395 369 4457 qua
394 4374 528 4438 nimium
550 4377 657 4461 placui
764 4375 877 4438 eadem
901 4371 1173 4438 fere'enurrtiant.

175 4476 320 4562 Utraque
343 4479 461 4543 locutio
487 4487 519 4545 et
542 4481 627 4565 quod
651 4480 692 4544 ad
715 4480 814 4544 verba
838 4486 870 4542 et
894 4479 979 4564 quod
1003 4480 1043 4544 ad
1063 4502 1130 4542 rem
1150 4481 1292 4563 pertinet
