2956 4958
714 357 756 419 94

174 546 255 626 loco,
279 565 324 608 rs.
351 541 413 606 765
433 545 466 604 et
486 541 547 603 767
569 537 655 605 idem
675 547 730 607 aut
750 539 911 624 ,locorum'
931 548 987 606 out
1006 545 1165 625 ,virorum'
1184 546 1296 632 legere

174 648 347 714 suadentes
382 646 449 710 sive
484 643 627 709 dicentes
662 644 840 736 Lyncidcm
875 667 940 710 non
963 648 1066 712 solum
1090 651 1296 735 respondisse

174 754 216 820 ad
250 775 288 819 ea
324 773 405 839 quae
441 750 587 836 quaesita
611 759 719 817 essent
742 751 799 817 sed
824 753 956 816 comiter
980 760 1075 838 atque
1100 756 1222 819 urbano
1247 757 1298 820 in-

175 880 271 946 super
304 878 408 921 mores
446 855 621 920 incolarum
656 856 874 942 descripsisse,
908 857 1006 920 nimio
1030 859 1165 923 fortasse
1189 862 1298 926 studio

173 965 325 1049 vulgatae
358 962 504 1026 lectionis
539 960 763 1027 defendendae
801 961 892 1025 obliti
928 969 1003 1025 sunt
1026 963 1205 1049 Lyncidem
1230 988 1297 1029 non

172 1068 369 1156 Aethiopem
402 1087 482 1149 esse,
518 1065 575 1131 sed
598 1067 704 1152 ipsum
726 1066 894 1148 Perseum,
920 1068 974 1152 qui
998 1090 1043 1132 vs.
1070 1071 1132 1133 776
1157 1069 1297 1134 Abanti·

173 1175 250 1240 ades
273 1162 440 1254 vocatur.¹)
463 1168 548 1235 Nam
571 1169 671 1255 Abas,
695 1171 807 1236 Persei
820 1192 968 1256 proavus,
982 1174 1067 1236 filius
1087 1181 1156 1238 orat
1174 1175 1300 1260 Lyncei

173 1281 223 1345 cui
245 1279 503 1366 Hypermnestra
527 1283 629 1362 nupta
642 1276 757 1343 fuerat.
772 1276 922 1362 Lynceus
940 1317 977 1323 —
993 1277 1083 1342 Abas
1098 1319 1135 1325 —
1150 1279 1300 1344 Acrisius

176 1425 214 1433 —
229 1385 344 1449 Danae
359 1421 396 1429 -
411 1381 562 1445 Perseus.

219 1489 283 1553 Sed
306 1508 411 1572 neque
435 1486 552 1550 omisso
577 1507 623 1550 rs.
650 1489 711 1552 766
735 1486 946 1552 difficultates
971 1489 1136 1552 tolluntur.
1161 1488 1247 1552 Nam
1271 1471 1298 1553 si

173 1594 302 1679 legitur,
326 1599 456 1657 auctore
481 1589 622 1676 quodam
646 1591 785 1674 codice,:

659 1717 826 1801 cultusque
850 1737 1017 1802 genusque
1041 1717 1184 1780 locorum

306 1831 415 1889 narrat
437 1820 609 1909 Lyncides,
633 1843 802 1909 moresque
825 1822 1037 1907 habitumque
1061 1823 1212 1887 virorum.

198 1932 260 1994 768
308 1928 398 2002 Quae
421 1927 516 1991 simul
540 1927 669 1992 edocuit
696 1927 810 2008 ,Nunc
834 1949 852 1990 o
876 1927 1069 1991 fortissime'’
1094 1929 1187 2012 dixit,

260 2068 265 2075 ·
307 2034 374 2098 fare
397 2054 521 2119 precor,
545 2031 678 2117 Persen,
703 2054 769 2120 sqq.

174 2181 274 2223 unum
309 2159 422 2223 vitium
456 2158 589 2241 vitatur3
627 2159 765 2222 alterum
799 2164 918 2239 manet,
943 2157 1004 2220 hoc
1028 2156 1159 2240 scilicet,
1184 2158 1270 2243 quod

174 2265 313 2328 Perseus
337 2283 370 2327 sc
394 2264 500 2348 ipsum
524 2262 711 2346 alloquitur:
739 2285 777 2343 ,0
802 2261 975 2326 fortissime
997 2262 1151 2326 Pcrscu.’‘

218 2368 333 2453 Neque
356 2367 472 2431 melius
495 2366 543 2449 fit,
568 2367 594 2430 si
618 2389 689 2432 curn
713 2368 775 2433 alio
800 2367 909 2432 codice
933 2368 1097 2432 scribitur:

657 2492 825 2576 cultusque
848 2513 1016 2577 genusque
1039 2493 1182 2556 locorum

307 2598 432 2685 quaerit
454 2597 626 2683 Lyncides,
651 2619 818 2683 moresque
842 2598 1052 2683 habitumque
1076 2600 1227 2662 virorum.

198 2707 261 2769 768
308 2702 399 2776 Quae
423 2703 517 2766 simul
541 2701 668 2767 edocuit
694 2702 808 2783 ,Nunc
832 2725 849 2766 o
875 2703 1066 2767 fortissime''
1091 2703 1173 2766 dixit

307 2809 375 2872 fare
398 2829 521 2894 precor,
545 2806 677 2892 Persou,
703 2829 771 2893 sqq.

217 2969 313 3034 Nunc
346 2969 486 3032 Perseus
521 2968 656 3052 quaerit,
691 2969 830 3033 Perseus
865 2969 1049 3056 respondet,
1084 2968 1224 3033 Perseus
1258 2991 1293 3032 se

174 3076 281 3162 ipsum
325 3075 513 3156 alloquitur:
552 3095 580 3156 ,o
615 3073 787 3138 fortissime
821 3074 964 3138 Perseu’
1001 3074 1158 3160 Quicquid
1195 3075 1295 3160 igitur

174 3180 375 3267 praebebant
409 3179 544 3262 codices,
580 3179 661 3244 nihil
694 3179 762 3245 sine
787 3180 875 3244 vitio.
913 3179 1060 3243 Tandem
1084 3180 1205 3244 nodum
1228 3202 1294 3244 non

175 3284 343 3370 expedivit
366 3285 506 3367 quidem,
531 3291 674 3349 attamen
697 3285 843 3371 perrupit
866 3284 910 3348 M.
935 3285 1059 3370 Haupt,
1083 3308 1128 3349 us.
1152 3289 1213 3350 769
1234 3308 1291 3370 pro

175 3389 317 3474 ,Porseu’
340 3391 479 3477 legendo
504 3389 673 3477 ,Cepheus’
697 3397 730 3454 ct
753 3389 895 3454 edendo:

517 3582 655 3599 .....
680 3536 848 3620 cultusque
872 3556 1037 3621 genusque
1061 3539 1203 3603 locorum

308 3638 434 3724 quaerit
457 3637 617 3724 Lyncides
640 3661 810 3725 moresque
834 3641 1040 3726 animumque
1064 3644 1214 3709 virorum.

308 3744 400 3818 Quae
424 3744 518 3808 simul
542 3743 669 3809 edocuit
692 3766 786 3828 ,nunc
809 3767 826 3809 o
851 3746 1031 3811 fortissime’
1056 3748 1138 3814 dixit

308 3850 386 3933 ,faro
410 3848 532 3936 procor’
557 3849 706 3937 Cepheus
731 3900 871 3916 .....

220 3989 290 4065 Quo
325 3993 408 4056 facto
431 3993 570 4058 Perseus
594 3993 728 4079 quaerit,
753 3993 902 4083 Cepheus
925 3997 1099 4083 respondet
1121 4018 1293 4083 generum-

176 4116 237 4180 que
280 4095 479 4182 adloquitur:
517 4120 545 4181 ,o
580 4098 723 4164 Perseu'.

174 4275 318 4283 ———

215 4360 244 4434 1)
285 4360 333 4420 lta
354 4361 427 4422 Tan.
450 4363 550 4433 Faber,
572 4367 605 4424 Ε.
628 4365 659 4423 G.
681 4363 748 4424 chr.
771 4367 859 4435 Bacb,
873 4366 906 4424 G.
921 4369 953 4426 E.
964 4367 1073 4444 Gicrig,
1086 4369 1119 4426 F.
1139 4369 1293 4439 menthe,

175 4439 199 4498 I.
222 4437 254 4498 6.
275 4441 361 4512 Ialm,
383 4441 418 4500 V.
440 4443 537 4515 Loors,
558 4444 681 4504 fortasse
701 4444 763 4536 alii.
