2956 4958
713 459 755 520 30

173 644 266 725 pater
300 643 408 700 natam
434 637 630 724 „Pegasidas
653 642 776 729 primus
800 641 936 705 deduxit
959 640 1000 704 ad
1024 640 1148 704 undas”
1175 641 1302 722 scribit,

175 762 228 822 „se
252 740 380 804 virere''
408 743 484 821 „sed
507 745 552 808 sio
575 752 611 809 ut
634 746 743 809 vivere
768 744 881 824 nolit''‚

173 869 217 910 rs.
243 851 272 910 9.
322 853 374 925 „et
398 854 506 911 tamen
530 850 571 912 ad
593 849 713 930 Musas,
738 849 883 934 quamvis
907 869 1046 912 nocuere
1070 849 1228 913 reverti.'’

146 951 254 1015 'Eam
278 959 369 1035 rogat
392 974 468 1015 num
493 954 635 1018 studium
658 956 747 1041 prius
770 954 875 1018 adhue
899 959 1082 1034 remaneat3

174 1059 212 1119 21
240 1079 285 1141 sq.
311 1056 388 1137 „sed
412 1078 524 1121 vereor
548 1079 588 1122 ne
612 1066 644 1122 te
668 1080 739 1122 mea
764 1081 848 1122 nuno
872 1059 1001 1123 fortuna
1025 1057 1171 1121 retardet

348 1168 483 1246 postque
508 1185 595 1227 meos
620 1186 711 1228 oasus
734 1164 775 1228 sit
799 1165 857 1228 tibi
882 1170 995 1248 peetus
1019 1161 1138 1225 iners.''

173 1268 215 1329 29
235 1287 280 1351 sq.
307 1267 427 1346 „Pone
451 1266 586 1350 Perille}
605 1277 742 1332 metum:
766 1265 987 1332 tantummodo
1012 1265 1134 1330 femina
1157 1267 1255 1330 nulla

349 1393 408 1435 nee
431 1373 556 1436 invenis
580 1356 706 1459 seriptis
730 1374 832 1437 diseat
856 1393 965 1436 amare
988 1370 1083 1435 tuis.‘’

173 1478 215 1538 45
238 1498 284 1560 sq.
312 1476 381 1555 „En
405 1497 476 1561 ego,
501 1499 573 1541 eum
597 1479 701 1563 patria
725 1499 853 1542 oaream
877 1478 1031 1561 vobisque
1061 1476 1230 1559 domoque

350 1591 504 1666 raptaque
529 1583 602 1663 sint,
627 1583 725 1646 adimi
749 1603 833 1665 quae
857 1589 992 1668 potuere
1017 1581 1107 1658 mihi,

306 1685 435 1770 ingenio
459 1694 567 1749 tamen
592 1687 661 1772 ipso
688 1709 759 1750 meo
785 1687 982 1770 comitorque
1012 1683 1201 1768 fruorque.’'

270 1970 288 2050 ᾖ
313 1972 342 2032 6.
393 1967 585 2030 Carminibus
613 1969 737 2031 Ouidius
759 1971 862 2052 primo
885 1968 1019 2051 gloriam
1042 1967 1101 2027 sibi
1121 1990 1246 2047 peroro

208 2075 334 2147 strulru‘t,
370 2087 439 2157 post
474 2075 682 2158 relegationem
722 2077 833 2137 obliuia
868 2076 1060 2135 miseriorum
1098 2073 1264 2154 quaesiuit.

218 2303 270 2366 Ex
293 2304 342 2367 his
367 2305 512 2368 omnibus
536 2307 635 2390 igitur
658 2307 733 2368 satis
758 2325 946 2391 persuasum
971 2302 1063 2366 nobis
1089 2321 1158 2363 esse
1180 2308 1304 2386 potest,

176 2407 327 2470 Ovidium
351 2430 409 2493 per
433 2431 561 2472 omnem
586 2417 726 2473 aetatem
750 2410 862 2495 poesin
888 2408 1060 2471 amavisse:
1085 2406 1149 2468 iam
1160 2427 1302 2490 puerum

174 2512 205 2573 vi
235 2512 443 2597 insuperabili
469 2515 509 2577 arl
533 2515 641 2578 Musas
666 2515 840 2578 adductum
866 2533 945 2593 esse,
971 2524 1117 2596 tempore
1142 2533 1207 2595 quo
1233 2518 1301 2574 stu-

174 2616 271 2681 debat
295 2619 334 2681 ab
360 2640 470 2681 earum
494 2620 671 2682 sacerdotio
696 2641 760 2682 non
785 2619 951 2696 defecisse,
977 2615 1170 2679 ourrioulum
1197 2616 1310 2678 hono-¹

174 2743 243 2784 rum
282 2723 461 2786 deseruisse
496 2730 531 2787 ut
567 2724 686 2786 otiosus
719 2725 756 2785 iis
789 2745 823 2786 so
848 2722 999 2802 traderet,
1025 2729 1057 2784 et
1081 2723 1167 2805 quod
1194 2725 1300 2786 maius

175 2835 233 2906 est,
269 2828 365 2890 etiam
400 2835 473 2913 post
496 2849 594 2913 grave
619 2830 738 2891 malum
763 2828 848 2913 quod
872 2827 1065 2890 carminibus
1089 2828 1155 2890 suis
1179 2849 1297 2912 provo-

174 2939 287 3010 casset,
312 2954 388 2995 mox
412 2934 452 2996 ad
477 2956 531 2996 eas
555 2937 723 2997 revertisse
748 2942 780 2997 et
802 2935 888 3020 apud
902 2956 956 2997 eas
969 2934 1122 2996 solacium
1136 2935 1299 2997 malornm

174 3036 351 3099 invenisse:
376 3038 515 3122 denique
540 3046 640 3102 totam
664 3040 762 3101 vitam
788 3039 878 3124 poesi
902 3039 1111 3102 dedicavisse.

217 3140 345 3224 Ergone
381 3141 515 3207 Ovidius
551 3145 665 3206 oeeinit
701 3145 814 3207 avibus
838 3144 949 3206 similis
974 3164 1056 3227 quae
1081 3149 1198 3206 natura
1223 3144 1296 3226 ipsa

173 3245 214 3308 ad
251 3247 444 3310 cantandum
476 3255 634 3332 eoguntur
666 3269 725 3310 neo
749 3247 891 3331 cogitant
916 3248 991 3332 quid
1015 3248 1068 3331 qui
1093 3247 1230 3310 audiunt
1255 3248 1297 3310 de

174 3359 269 3414 oantu
293 3374 350 3415 suo
375 3356 549 3416 censeant?
573 3353 646 3415 Non
670 3374 799 3437 prorsus
823 3351 877 3414 ita.

219 3455 263 3518 Ut
287 3457 383 3538 enim,
407 3458 491 3542 quod
517 3457 626 3520 Cioero
651 3457 706 3537 ait,
731 3463 873 3519 oratores
896 3476 1014 3538 magna
1036 3454 1298 3517 auditorumfre-

174 3563 304 3646 quentia
347 3562 387 3625 ad
438 3563 591 3625 maiorem
634 3561 821 3624 facultatem
864 3559 1055 3625 evehuntur,
1099 3557 1144 3620 ita
1177 3565 1298 3641 poetae

174 3666 305 3729 laudem
347 3666 574 3728 admirantium
611 3666 802 3751 plerumque
838 3685 902 3726 non
938 3669 1103 3747 spernunt.
1141 3660 1296 3726 Ovidium

176 3777 283 3834 autem
304 3771 364 3834 hae
385 3771 418 3832 in
440 3792 473 3833 re
498 3772 537 3834 ab
560 3772 629 3834 aliis
652 3769 864 3854 disor·epuisso
878 3769 1009 3831 minime
1025 3766 1224 3830 eredendum
1239 3776 1297 3831 est.

176 3875 246 3938 Iam
265 3883 389 3939 mature
410 3897 443 3938 so
463 3876 573 3939 favore
593 3876 767 3938 amicorum
788 3881 820 3936 et
839 3873 949 3959 populi
971 3873 1136 3935 incitatum
1159 3891 1242 3952 esse,
1262 3881 1298 3936 ut

176 4001 240 4043 non
259 3980 434 4043 honoribus
454 3981 510 4044 sed
530 3979 723 4044 carminibus
743 3979 877 4062 gloriam
898 3979 958 4040 sibi
978 3981 1117 4061 pararet,
1136 3976 1209 4060 ipse
1224 3997 1298 4038 oon-

175 4089 284 4152 fitetur
304 4092 455 4171 carmine,
476 4112 537 4174 quo
557 4091 696 4174 primum
715 4087 873 4150 Aruorum
897 4083 1014 4145 librum
1029 4088 1220 4165 prosecutus
1235 4088 1296 4143 est:

220 4193 294 4256 Am.
319 4194 345 4275 l,
373 4198 422 4274 15,
451 4198 461 4256 l
491 4218 557 4278 sqq.

312 4299 416 4378 „Quid
440 4300 528 4378 mihi,
552 4301 633 4361 liror
657 4297 752 4377 edax,
777 4296 909 4379 ignaros
934 4292 1032 4355 obicis
1057 4311 1157 4353 annos

352 4405 537 4490 ingeniique
561 4425 655 4466 vooas
679 4423 807 4466 carmen
831 4399 942 4464 inertis
966 4397 1070 4482 opus?

308 4509 381 4584 ‘Nou
404 4531 456 4585 ure
480 4530 567 4575 ruore
580 4515 720 4596 patrum,
734 4506 810 4579 dum
824 4513 954 4581 strenua
967 4502 1104 4582 sustinet
1118 4505 1219 4584 aetas,
