3224 5130
725 494 764 554 67

228 673 313 748 Quid
337 676 463 757 mirum,
488 676 514 738 si
538 675 765 740 innumerabili
787 676 855 739 fere
879 697 1013 739 numero
1033 676 1213 741 fabularum
1228 679 1301 742 feli-

178 783 262 844 citer
293 781 334 844 ad
359 782 531 844 terminum
554 783 615 845 sibi
639 783 837 867 propositum
863 781 1030 867 perducto,
1055 790 1209 863 quantam
1233 784 1303 868 glo-

177 887 263 949 riam
288 895 433 972 speraret
456 909 490 950 se
514 887 708 973 adepturum
733 908 802 950 esse
827 887 887 950 hoo
912 888 1040 972 epilogo
1063 887 1226 971 professus
1240 897 1298 954 est:

272 991 428 1074 ,iamque
448 1014 527 1078 opus
552 993 659 1076 exegi,
684 991 770 1076 quod
794 1013 853 1055 nec
877 992 963 1054 lovis
982 991 1030 1054 ira
1049 1013 1109 1055 nec
1132 993 1217 1078 ignis

292 1117 351 1160 nec
376 1096 495 1182 poterit
518 1097 638 1159 ferrum
662 1117 721 1160 nec
746 1096 830 1159 edax
854 1096 984 1159 abolere
1008 1102 1162 1160 vetustas.

293 1200 373 1264 Oum
395 1202 493 1294 volet,
517 1201 572 1264 illa
597 1201 675 1281 dies,
701 1221 783 1285 quae
807 1201 852 1263 nil
877 1201 937 1263 nisi
962 1201 1103 1285 corporis
1126 1201 1223 1264 huius

292 1307 341 1369 ius
364 1306 472 1388 habet,
497 1305 610 1368 incerti
634 1307 774 1391 spatium
799 1305 878 1367 mihi
901 1305 993 1368 finiat
1016 1306 1104 1368 aevi:

292 1417 383 1496 parto
408 1419 517 1474 tamen
541 1413 673 1475 meliore
698 1412 763 1474 mei
786 1432 883 1496 super
907 1413 971 1475 alta
995 1413 1146 1497 perennis

294 1521 378 1579 astra
403 1516 498 1597 ferar,
521 1537 702 1601 nomenque
728 1517 789 1579 erit
812 1516 987 1580 indelebile
1010 1523 1165 1581 nostrum.

295 1622 429 1706 Quaque
453 1629 544 1707 patet
567 1622 696 1685 domitis
719 1621 867 1684 Romana
889 1622 1036 1705 potentia
1059 1622 1162 1702 terris,

292 1749 347 1790 ore
370 1728 461 1811 legar
485 1728 605 1812 populi,
631 1747 754 1811 perque
779 1727 886 1788 omnia
910 1726 1039 1789 saccula
1062 1726 1157 1798 lama,

290 1832 317 1894 si
340 1831 416 1915 quid
439 1831 561 1894 habent
584 1832 652 1894 veri
676 1837 786 1894 vatum
811 1831 990 1915 praesagia,
1014 1830 1152 1893 vivam”.

224 1974 305 2037 Sunt
329 1975 383 2059 qui
407 1979 538 2058 propter
562 1975 658 2036 verba
683 1975 821 2058 superba
848 1994 927 2052 ,nec
950 1971 1036 2035 Iovis
1060 1973 1107 2035 ira
1130 1973 1191 2036 hoo
1219 1995 1299 2058 opus

176 2080 308 2143 abolere
344 2079 483 2165 poterit”
518 2079 604 2141 hune
640 2079 804 2164 epilogum
836 2085 947 2162 postea
972 2078 1004 2139 in
1029 2077 1127 2140 exilio
1153 2077 1298 2170 additum

174 2207 247 2249 esse
270 2185 456 2270 putaverint
481 2191 512 2246 θῖ
535 2184 594 2247 sub
619 2186 749 2247 nomine
762 2183 859 2261 ¹louis
871 2182 1119 2267 intelligendum
1133 2203 1203 2246 esse
1219 2182 1301 2247 Cae-

173 2313 281 2355 sarem
304 2290 500 2374 Augustum.
529 2289 629 2370 atsi,
654 2296 689 2352 ut
713 2289 903 2374 plerumque
928 2287 973 2360 fit,
1001 2287 1107 2366 ,lovis
1131 2287 1210 2360 ira'’,
1224 2309 1297 2351 con·

171 2399 239 2460 lato
263 2418 359 2460 versu
383 2399 444 2459 811
472 2395 526 2459 ubi
550 2395 645 2457 modo
670 2394 810 2456 dixerat:
833 2392 994 2471 „fulminis
1008 2390 1074 2454 ira'’
1091 2414 1148 2477 pro
1162 2393 1297 2457 fulmine

171 2502 340 2587 accipitur,
376 2521 441 2564 non
478 2520 610 2563 necesse
646 2505 704 2580 est,
740 2498 825 2560 hunc
861 2498 1025 2582 epilogum
1054 2497 1296 2583 magniloquum

170 2607 292 2672 Tomos
330 2609 486 2692 relegare.
522 2606 697 2669 Praeterea
736 2625 807 2666 cum
843 2601 1011 2665 discedens
1043 2623 1084 2664 ex
1109 2603 1188 2666 urbe
1211 2604 1296 2667 inter

170 2712 236 2776 alia
271 2713 388 2797 scripta
424 2712 521 2775 etiam
556 2709 724 2792 exemplar
758 2728 852 2769 suum
882 2707 1014 2768 Metam.
1040 2714 1207 2788 cremaret,
1230 2729 1295 2772 non

170 2817 346 2881 verisimile
371 2821 429 2896 est,
455 2836 528 2878 eum
553 2814 663 2877 Tomis
689 2813 738 2874 vel
762 2811 795 2873 in
812 2810 927 2872 itinere
951 2809 1037 2873 hunc
1061 2811 1225 2897 epilogum
1238 2812 1295 2875 ad·

170 2921 302 2985 didisse.
326 2920 372 2983 At
395 2921 421 2982 si
445 2919 631 2998 addidisset,
655 2917 688 2979 id
712 2917 826 2979 saltem
850 2915 985 2978 dixisset
1008 2916 1042 2978 in
1066 2915 1219 2980 Tristium
1237 2918 1294 2980 ali·

143 3081 149 3090 .
173 3048 236 3111 quo
261 3026 412 3099 carmine,
437 3024 492 3087 ubi
516 3023 645 3108 saepius
669 3021 709 3084 de
733 3020 866 3083 Metam.
890 3022 1015 3084 locutus
1041 3028 1099 3084 est.

349 3249 366 3330 ξ
391 3251 420 3311 3.
469 3246 595 3309 Metam.
620 3267 680 3306 aon
704 3245 787 3305 omrai
810 3266 844 3304 ec
864 3255 955 3324 parte
979 3242 1116 3304 obsolvit.

215 3436 371 3499 Attamen
394 3433 572 3497 cavendum
596 3440 655 3512 est,
681 3453 721 3493 ne
746 3451 787 3492 ex
813 3428 918 3491 vorbis
941 3427 1023 3491 istis:
1048 3429 1186 3512 ,iamque
1210 3449 1290 3512 opus

170 3540 276 3626 exegi'
312 3539 483 3622 intellegas
518 3544 621 3600 totum
658 3555 786 3598 carmen
811 3555 839 3596 -a
874 3540 970 3617 poeta
1005 3533 1092 3594 omni
1124 3553 1166 3595 ex
1197 3540 1290 3618 parte

169 3647 351 3709 absolutum
376 3664 456 3706 esso.
480 3643 582 3704 lmmo
606 3661 682 3703 vero
707 3644 832 3700 tantum
857 3638 969 3701 aberat
992 3643 1028 3699 ut
1051 3636 1112 3699 hoc
1135 3637 1180 3699 ita
1194 3643 1289 3720 esset,

169 3756 206 3813 ut
240 3755 346 3836 poeta,
378 3746 467 3810 brevi
492 3753 661 3832 postquam
685 3745 848 3826 relegatus
872 3748 931 3823 est,
955 3742 1017 3803 iter
1040 3740 1145 3803 adhuc
1168 3741 1288 3805 faciens

169 3855 297 3936 Tomos,
322 3852 492 3937 epistulam
516 3849 679 3929 scriberet,
711 3848 881 3932 septimam
905 3869 947 3909 sc.
977 3845 1129 3908 Tristium
1154 3846 1174 3908 l.
1186 3844 1212 3928 Ι,
1227 3867 1289 3930 qua

168 3960 285 4023 amicos
320 3958 360 4020 de
395 3957 468 4020 fatis
503 3955 588 4017 illius
623 3953 728 4039 operis
759 3952 937 4014 accuratius
960 3950 1101 4012 doceret.
1127 3949 1198 4021 Quo
1223 3973 1287 4014 una

166 4063 407 4146 demonstravit,
444 4049 641 4145 quantopere
676 4057 808 4120 Metam.
844 4057 917 4118 libri
953 4057 1013 4118 sibi
1049 4054 1136 4118 cordi
1169 4063 1286 4119 essent.

165 4170 335 4254 Leguntur
358 4173 467 4230 autem
491 4165 544 4228 Tr.
569 4163 595 4245 I,
621 4165 650 4244 7,
679 4165 713 4224 11
741 4184 809 4247 sqq.
833 4162 934 4224 haec:

168 4335 205 4395 11
279 4330 400 4411 „Grata
424 4336 479 4390 tua
504 4334 552 4390 est
575 4327 693 4411 pietas:
719 4325 776 4389 sed
800 4325 940 4387 carmina
965 4324 1066 4386 maior
1088 4322 1195 4405 imago

342 4439 416 4498 sunt
439 4452 521 4512 mea,
546 4452 627 4515 quae
651 4430 768 4494 mando
794 4430 1027 4514 qualiacunque
1051 4429 1151 4511 legas,

298 4540 438 4604 carmina
462 4545 601 4599 mutatas
625 4536 791 4600 hominum
815 4534 955 4598 dicentia
979 4537 1108 4614 tonnas,
