2956 4958
691 592 751 656 XI.

168 753 326 839 Martialis,
345 755 458 842 Epigr.
484 752 606 836 11,41‚
635 757 646 816 l
676 777 736 841 sq.:

424 893 508 958 Ride
535 895 559 958 si
582 896 678 979 sapis,
703 916 721 958 ο
741 897 861 982 puella,
885 899 969 970 ride:

424 1000 612 1084 Paelignus,
636 1008 725 1086 pute,
750 999 878 1065 dixerat
901 1011 1009 1089 poeta.

207 1139 326 1204 Versus
339 1139 425 1225 prior
436 1160 502 1202 non
514 1146 563 1203 est
576 1160 688 1203 versus
701 1140 880 1206 Ouidianus
893 1143 934 1206 ad
948 1143 1082 1206 verbum
1095 1165 1279 1229 expressus.

680 1376 759 1440 XII.

169 1512 326 1596 Horatius,
351 1513 386 1579 O.
410 1513 469 1597 IV,
497 1517 546 1595 13,
575 1516 613 1577 13
638 1536 725 1599 sqq:
766 1512 769 1518 ’

379 1654 450 1719 Nec
473 1653 559 1719 Coae
583 1654 727 1719 referunt
751 1655 815 1718 iam
840 1655 897 1718 tibi
926 1677 1090 1741 purpurae

380 1781 440 1824 nec
464 1761 528 1823 cari
551 1759 676 1844 lapides
700 1766 857 1845 tempera,
883 1782 964 1845 quae
989 1764 1090 1826 semel

448 1864 533 1928 notis
557 1865 683 1928 condita
708 1865 798 1929 tastis

491 1969 621 2032 inclusit
644 1969 783 2032 volucris
807 1969 886 2032 dies.

164 2106 215 2172 Vs.
238 2111 278 2172 15
302 2130 360 2194 pro
384 2110 488 2191 ‘notis'
513 2111 692 2196 legendum
712 2111 859 2194 ‘nostrisl

674 2363 770 2426 XIII.

161 2500 325 2585 Horatius,
349 2503 410 2600 up.
436 2504 478 2566 II.
505 2509 535 2586 3,
564 2508 576 2567 l
604 2528 686 2590 sqq.-

291 2643 443 2709 Humano
473 2647 569 2731 capiti
594 2647 750 2709 cervicem
774 2647 876 2731 pictor
900 2648 1051 2731 equinam

179 2830 182 2837 .
293 2750 426 2836 iungere
451 2751 477 2813 si
497 2753 575 2814 velit
599 2758 631 2814 et
655 2752 758 2814 varias
782 2751 934 2814 inducere
958 2752 1082 2836 plumas

291 2856 433 2941 undique
457 2857 580 2920 cellatis
605 2857 767 2937 membris,
792 2863 827 2919 ut
851 2857 988 2941 turpiter
1013 2863 1116 2919 atrum

292 2961 417 3025 desinat
440 2962 474 3024 in
493 2963 614 3046 piscem
638 2962 755 3024 mulier
778 2961 918 3025 formosa
942 2982 1099 3046 superne:
1126 2982 1193 3045 sqq.

158 3101 222 3166 Pro
243 3104 385 3186 ‘collatis'
409 3104 583 3188 legendum
607 3105 758 3186 ‘collatas'
786 3111 819 3167 et
842 3104 894 3187 ‘et’
918 3126 976 3189 pre
1001 3103 1066 3186 ιιη’.

674 3357 767 3421 XIV.

161 3498 289 3582 Caesar,
314 3499 353 3562 de
377 3500 407 3563 b.
429 3499 468 3563 G.
493 3500 538 3581 II,
563 3502 616 3580 29,
642 3504 660 3561 3
686 3499 858 3582 (Hnlder):
1185 3566 1189 3576 ¹

205 3604 298 3677 Quod
322 3626 394 3669 cum
419 3626 461 3668 ex
485 3604 632 3668 omnibus
647 3604 681 3667 in
693 3604 827 3668 circuitu
839 3605 984 3689 partibus
998 3602 1167 3666 altissimas
1181 3620 1279 3686 rupes

159 3711 367 3792 despectusque
400 3710 545 3791 haberet,
577 3731 641 3774 una
676 3731 718 3774 ex
752 3716 844 3796 parte
874 3710 990 3772 leniter
1021 3707 1148 3771 acclivis
1172 3705 1279 3769 aditus

159 3815 193 3877 in
224 3813 430 3878 latitudinem
453 3836 517 3878 non
537 3815 675 3899 amplius
695 3814 905 3878 ducentorum
928 3813 1049 3899 pedum
1072 3811 1278 3897 relinqueba-

159 3925 221 3983 tur.

198 3998 401 4108 'Recipienda
421 4032 469 4087 est
493 4024 695 4088 emendatio:
720 4023 957 4108 ‘deiectusquel

683 4222 758 4286 XV.

159 4356 286 4441 Caesar,
315 4359 410 4422 deb.
435 4357 475 4421 G.
499 4358 576 4439 VII,
601 4361 654 4440 23,
671 4362 714 4422 2:

204 4461 324 4526 Trabes
348 4462 497 4527 derectae
520 4471 698 4549 perpetuae
722 4464 755 4526 in
782 4461 1018 4546 longitudinem
1035 4458 1165 4545 paribus
1176 4455 1277 4520 inter-
