3224 5130
771 461 813 529 48

275 653 327 712 tus
350 667 448 710 unam
471 667 540 710 rem
563 648 664 711 semel
686 647 770 713 bene
794 647 901 712 dicere
926 646 1030 712 elficit
1052 667 1095 711 ne
1117 640 1352 709 benedixerit.

275 752 318 818 Et
340 758 473 839 propter
494 752 556 816 hoc
579 759 612 816 et
635 761 769 840 propter
793 755 855 818 alia
869 753 983 839 quibus
996 760 1103 818 orator
1116 756 1224 837 potest
1235 756 1352 836 poetae

275 857 388 922 similis
411 856 515 922 videri
533 857 658 923 solebat
682 858 819 924 Scaurus
833 859 855 941 ¹)
879 857 1071 923 Montanum
1101 856 1187 920 inter
1210 860 1353 917 oratores

276 961 429 1026 Ovidium
462 983 597 1047 voeara3
631 984 706 1028 nam
742 970 775 1029 et
810 960 936 1025 Ovidius
960 963 1051 1024 necat
1073 961 1156 1045 quod
1178 958 1248 1020 bene
1271 958 1354 1018 cased

275 1065 451 1150 relinquere.

275 1171 308 1235 N
309 1192 328 1236 e
350 1172 452 1236 multa
474 1171 622 1254 referam,
646 1191 730 1253 quae
749 1171 961 1236 Montaniana
975 1169 1114 1234 Scaurus
1126 1167 1273 1249 vocabat,
1287 1187 1353 1230 uno

276 1278 338 1341 hoc
372 1282 541 1342 contentus
580 1297 651 1340 ero:
683 1298 755 1340 cum
778 1275 950 1362 Polyxena
974 1281 1059 1340 esset
1082 1273 1232 1355 abducta,
1251 1278 1288 1336 ut
1311 1269 1353 1334 ad

276 1381 438 1445 tumulum
460 1379 597 1445 Achillis
620 1381 850 1464 immolaretur,
877 1381 1016 1445 Hecuba
1038 1379 1128 1444 dicit:

829 1505 910 1568 einis
933 1505 1003 1591 ipse
1030 1500 1160 1590 sepulti’
1192 1496 1195 1500 ’

409 1611 455 1694 ιἱιι
477 1630 581 1696 genus
608 1610 669 1675 hoc
696 1613 855 1697 pugnata)

276 1733 409 1800 Poterat
431 1734 492 1799 hoc
515 1740 687 1799 contentus
711 1755 799 1818 esse;
823 1735 958 1799 adiecit:

621 1859 756 1942 ‘tumulo
780 1880 909 1945 quoque
934 1859 1092 1924 sensimus
1115 1854 1262 1922 hostem'.

274 1983 345 2049 Nec
368 1984 429 2048 hoc
453 1990 624 2048 contentus
647 1989 714 2067 est3
738 1984 873 2050 adiecit:

366 2107 540 2191 ‘Aeacidae
563 2106 703 2173 fecunda
726 2107 793 2173 lui.

277 2249 397 2314 Aiebat
431 2255 541 2336 autem
576 2249 716 2314 Scaurus
739 2271 807 2314 rem
832 2271 957 2314 veram:
982 2271 1048 2314 non
1070 2249 1176 2313 minus
1200 2267 1351 2332 magnam

277 2347 429 2419 virtutem
454 2375 524 2418 esse
548 2354 629 2417 scire
653 2354 760 2418 dicere
784 2375 880 2437 quam
904 2355 984 2418 scire
1008 2352 1187 2418 desinere.''
1199 2351 1222 2436 ³)

276 2514 380 2595 Haec,
404 2533 502 2595 quam
525 2513 649 2578 Seneca
672 2514 891 2600 reprehendit,
915 2514 1044 2579 iteratio
1068 2514 1300 2577 sententiarum
1318 2513 1351 2575 in

234 2618 341 2684 Ovidii
376 2619 571 2684 carminibus
604 2627 671 2684 tam
706 2640 803 2706 saepe
840 2621 988 2702 occurrit,
1012 2626 1048 2684 ut
1072 2619 1112 2683 de
1135 2618 1197 2681 hoc
1220 2635 1350 2698 quoque

233 2723 311 2788 vitio
358 2722 483 2788 Seneca
529 2724 644 2789 meritc
690 2724 798 2789 dicere
836 2725 990 2810 potuerit,
1024 2723 1057 2788 id
1091 2723 1177 2809 quod
1210 2721 1251 2786 de
1288 2722 1376 2785 alio·

233 2829 288 2893 illo
319 2849 417 2914 supra
440 2835 618 2894 memorato
642 2829 735 2894 dixit:
759 2837 890 2916 poetam
913 2829 992 2894 vitia
1016 2851 1074 2893 sua
1096 2849 1161 2892 non
1184 2829 1350 2912 ignorasse

233 2934 290 2997 sed
325 2954 458 2997 amasse.
492 2934 600 2998 Huius
629 2942 739 2998 antem
763 2935 809 2998 rei
834 2935 1085 3020 explicationem
1109 2933 1233 2996 Seneca
1257 2932 1351 2996 affert

235 3040 350 3105 eodem
386 3040 475 3102 loco:
490 3039 514 3120 ⁴)
551 3037 623 3118 „Ex
657 3060 721 3121 quo
752 3046 888 3125 apparet
910 3040 1026 3103 summi
1048 3036 1172 3124 ingenii
1194 3037 1263 3100 viro
1286 3055 1350 3100 non

277 3142 432 3208 Iudicium
465 3142 606 3206 demisse
630 3143 671 3207 ad
694 3143 962 3229 compescendam
984 3144 1148 3208 licentiam
1173 3144 1350 3207 carminum

278 3268 409 3312 snorum
432 3246 490 3311 sed
513 3247 666 3312 animum.
695 3247 816 3312 Aiebat
838 3249 969 3312 interim
992 3248 1212 3313 decentiorem
1236 3248 1351 3312 taciem

277 3373 358 3434 esse,
381 3352 415 3415 in
438 3373 501 3437 qua
524 3352 640 3435 aliquis
663 3373 785 3417 naevus
810 3353 954 3418 fuisset.”
967 3355 990 3437 Β)

282 3511 437 3576 Ultimum
471 3512 556 3596 quod
591 3533 634 3577 ex
668 3512 792 3578 Seneca
827 3513 1028 3578 afferendum
1062 3519 1141 3599 puto
1166 3513 1271 3577 estin
1295 3534 1352 3576 ex-

234 3617 351 3704 cerptis
373 3614 447 3680 libri
470 3615 532 3699 III,
556 3624 698 3682 controv.
726 3621 755 3683 7.
783 3618 907 3698 „Alfius
930 3618 1069 3682 Flavus''
1089 3618 1352 3683 incontroversia

235 3739 379 3749 -——-—-

275 3787 303 3861 1)
345 3787 384 3845 M.
413 3786 560 3847 Aemilius
581 3789 710 3849 Scaurus
730 3789 908 3861 Mamercus,
928 3809 987 3849 non
1005 3792 1122 3850 tentum
1141 3790 1352 3850 disertissImns

233 3867 320 3926 homo
340 3867 390 3926 sed
411 3867 637 3929 venustissimus
658 3869 774 3946 (Gontr.
796 3868 820 3939 I,
842 3872 869 3941 2,
890 3871 952 3945 22).

275 3947 305 4019 2)
347 3946 416 4006 Met.
439 3947 523 4018 XIII,
545 3949 603 4007 503
622 3968 686 4026 sqq.
715 3949 868 4009 Editiones
888 3948 1052 4010 Ovidiaoaa
1062 3949 1226 4009 seeundum
1237 3948 1351 4008 codices

236 4025 363 4085 habent:
387 4026 427 4103 ‘in
447 4046 539 4104 genus
559 4028 613 4088 hoc
643 4029 789 4090 saevit’.

273 4104 304 4176 3)
344 4105 392 4164 Ita
412 4105 504 4166 edidit
525 4108 562 4166 A.
583 4108 738 4187 Kisssling.
758 4109 893 4169 Fortasse
913 4108 1020 4168 Seneca
1037 4109 1134 4168 dicere
1151 4108 1262 4167 voluit:
1282 4124 1351 4185 ‘non

234 4184 335 4244 minus
366 4205 503 4265 magnam
536 4188 678 4248 virtutem
699 4209 789 4267 qnam
811 4188 886 4248 scire
905 4188 1003 4248 dIcers
1024 4207 1085 4248 sese
1106 4187 1178 4247 seire
1197 4187 1351 4246 desineret

273 4265 304 4337 4)
346 4262 446 4323 Oontr.
468 4265 508 4337 ΙΙ,
531 4269 578 4338 10,
601 4269 647 4328 12.

274 4346 304 4418 5)
345 4343 458 4404 Locum
486 4345 552 4405 dedi
571 4349 737 4408 secundum
758 4347 916 4407 editionem
939 4351 975 4408 A.
1000 4347 1179 4425 Kiemlingii.
1201 4346 1350 4408 VitIosum

233 4428 311 4564 {erte
341 4426 386 4484 est
418 4425 598 4486 vocabulum
630 4428 761 4506 fuisset&
780 4427 889 4488 Melius
910 4434 954 4488 est
974 4426 1070 4505 legere
1090 4428 1186 4504 ‘essct’
1207 4431 1262 4487 aut
1282 4447 1350 4487 oum

260 4522 320 4563 urs.
341 4505 476 4582 ,inessett
1249 4533 1250 4536 ¹
