3224 5130
665 533 705 592 85

127 716 243 798 aliquid
268 719 366 781 otiam
390 718 503 782 deesse
527 718 699 780 arbitratus
724 719 780 778 est.
801 713 1001 798 qucudatio
1031 720 1151 804 optime
1171 743 1241 786 suc-

127 822 228 885 cessit.

124 1048 216 1130 VIII,
241 1051 305 1112 688
330 1072 397 1136 sqq.

163 1155 392 1242 Narrationcm
415 1159 645 1244 procedentem
668 1178 909 1242 persequamur.
935 1158 993 1221 Dis
1009 1161 1240 1228 accubantibus

123 1266 268 1324 cenatur:
292 1265 446 1347 gustatio,
469 1264 601 1343 fercula,
615 1283 746 1325 mensae
762 1263 922 1326 secundae
935 1264 1093 1328 feruntur.
1107 1266 1237 1332 Interea

122 1365 261 1450 hospites
297 1366 374 1430 deos
410 1388 479 1430 esse
515 1374 666 1452 apparet3
702 1389 795 1431 senes
830 1369 975 1454 poenitet
1006 1392 1119 1434 cenam
1142 1375 1238 1437 nullis

121 1471 326 1556 apparatibus
351 1490 437 1552 csse;
462 1492 609 1534 anserem
622 1473 752 1535 unicum
765 1472 944 1557 hospitibus
958 1483 1098 1539 mactare
1111 1487 1235 1561 parant.

143 1633 204 1694 688
696 1631 811 1715 Superi
836 1639 968 1696 vetuere
993 1637 1101 1698 necari

230 1734 303 1815 „di”
327 1756 390 1817 que
416 1758 556 1817 „sumus
581 1737 776 1815 meritasque
799 1738 867 1800 luet
893 1737 1008 1801 vicinia
1032 1762 1152 1824 poenas

249 1838 368 1924 impia'’
393 1840 562 1923 dixerunt3
589 1841 699 1920 „vobis
722 1841 918 1905 immunibus
941 1843 1037 1906 huius

250 1967 320 2009 esse
344 1947 422 2009 mali
445 1945 583 2008 dabitur.
604 1946 701 2009 Modo
726 1957 832 2010 vostra
857 1948 1027 2032 relinquite
1051 1956 1136 2012 tecta

249 2071 286 2114 ae
309 2057 435 2114 nostros
460 2052 610 2114 comitate
634 2051 753 2135 gradus
778 2059 809 2113 et
833 2053 866 2114 in
891 2053 990 2116 ardua
1018 2055 1136 2117 montis

142 2158 203 2219 693
250 2157 295 2218 ie
320 2155 446 2219 simul.'’
470 2155 592 2219 Parent
616 2157 710 2220 ambo
734 2149 921 2237 baculisque
945 2159 1043 2221 levati

248 2261 395 2324 nituntur
418 2262 514 2345 longo
539 2262 675 2345 vestigia
698 2283 818 2347 ponere
844 2263 935 2326 cliro,

157 2402 253 2466 Hanc
289 2403 472 2485 lectionem⁷
507 2425 617 2467 reram
654 2426 749 2488 quam
781 2404 857 2467 dicit
895 2404 933 2467 Ο.
968 2404 1069 2487 Korn,
1095 2408 1234 2472 restituit

116 2506 268 2571 Heinsius
292 2509 465 2593 praecipue
490 2507 681 2572 adtentum
706 2509 870 2572 Marciani.
898 2510 1242 2597 Quodsiparticipium„

115 2613 292 2697 perfectum
327 2613 470 2677 medium
506 2613 634 2695 levati,
670 2614 815 2698 accipere
850 2615 929 2676 velis
964 2636 1022 2698 pro
1058 2620 1231 2700 praesenti,

116 2717 229 2781 bonam
268 2718 389 2781 dixeris
427 2739 498 2781 eam
531 2720 736 2797 locutionem,
761 2719 895 2780 fortasse
919 2739 1039 2800 voram,
1065 2721 1091 2781 si
1114 2722 1230 2804 placet.

114 2822 176 2886 Sed
208 2825 243 2886 in
266 2823 381 2886 eodem
405 2823 524 2904 codice,
547 2823 721 2903 Marciano,
746 2822 807 2885 tria
830 2823 944 2886 ultima
967 2824 1065 2886 rerba
1090 2846 1108 2887 a
1132 2847 1230 2889 manu

115 2927 130 2986 b
164 2929 222 3011 (ita
257 2928 296 2992 Ο.
331 2928 436 3010 Korn)
459 2929 579 2991 lineola
603 2927 732 2990 inducta
758 2927 865 2990 deleta
890 2934 963 2989 sunt
989 2934 1020 2990 et
1044 2950 1062 2990 a
1087 2951 1185 2992 manu
1212 2933 1225 2993 l

112 3033 190 3097 haec
214 3040 289 3097 sunt
312 3034 528 3119 superscripta
552 3034 614 3096 alia
638 3033 747 3106 rerba,
771 3033 816 3095 ita
840 3037 875 3095 ut
899 3033 961 3095 illis
987 3034 1110 3096 omissis
1135 3042 1166 3096 ct
1180 3035 1229 3097 his

113 3138 228 3200 additis
251 3138 395 3222 legatur:

133 3301 194 3362 693
241 3298 286 3361 ito
311 3297 560 3360 simul.''Parent
584 3309 610 3357 ct
634 3299 680 3357 dis
699 3298 916 3378 ptrceeonritas
942 3299 1030 3358 crudo

240 3402 375 3463 membro
400 3403 498 3464 lerant
523 3402 635 3462 torulis
660 3403 799 3484 tardique
823 3389 965 3462 senilibus
992 3402 1080 3461 aruris

239 3508 386 3572 nituntur
408 3510 505 3594 longo
529 3508 666 3592 vestigia
690 3528 810 3600 ponere
834 3508 926 3570 clivo.

11 3737 12 3740 Ἴ
149 3650 192 3713 Et
216 3649 271 3713 alii
295 3652 420 3715 codices
443 3673 500 3736 pro
525 3649 650 3714 duobus
673 3650 733 3713 hos
757 3657 821 3712 tres
845 3650 966 3712 habent
991 3670 1109 3712 versus.
1128 3648 1223 3712 Unde

11 3757 32 3782 ’“
107 3755 185 3819 haec
217 3756 342 3820 rerba?
372 3756 476 3820 Illud:
501 3756 658 3841 ‘tardique
683 3754 838 3818 senilibus
862 3754 962 3817 annis'
986 3754 1141 3816 Heinsius
1165 3761 1223 3817 nir-

106 3862 224 3944 gatoris
254 3869 471 3925 commentum
494 3882 564 3924 esse
588 3866 690 3945 putat.
717 3859 821 3932 Quam
846 3860 885 3922 ob
909 3861 1003 3922 rem?
1028 3859 1110 3932 Quia
1133 3861 1221 3922 senio

11 3985 12 4023 1
106 3966 265 4029 contectas
290 3965 387 4029 fuisse
411 3973 477 4029 tam
500 3965 645 4029 Baucida
669 3987 765 4050 quam
788 3965 1014 4027 Philemonem
1038 3965 1101 4027 iam
1125 3986 1221 4049 supra

105 4090 166 4133 non
203 4072 317 4133 semel
339 4078 507 4135 monuerat
542 4076 648 4156 poeta.
686 4069 791 4151 Certe,
816 4071 880 4133 iam
905 4076 1018 4150 <quater
1042 4077 1219 4133 monuerat.

105 4173 156 4256 Ar,
180 4196 311 4259 quaeso,
336 4176 505 4259 quinquies
527 4197 656 4239 monere
677 4197 741 4239 non
763 4175 897 4238 licebit?
911 4175 984 4256 Sed,
999 4176 1101 4258 inquit
1113 4175 1218 4238 Hein-

105 4279 176 4362 sius,
211 4279 276 4342 iam
313 4287 345 4343 et
380 4281 499 4362 ‘tardos
535 4280 652 4343 actatc’
677 4302 732 4342 eos
756 4287 894 4344 vocarat.
920 4280 1019 4343 Haud
1044 4279 1160 4362 dubic3
1185 4287 1216 4342 et

103 4385 200 4447 omnis
235 4385 362 4449 iteratio
387 4385 531 4448 eiusdem
555 4386 644 4449 verbi
667 4386 752 4448 intra
775 4407 951 4470 paucorum
974 4407 1125 4448 versuum
1149 4406 1216 4447 am·

102 4486 200 4553 bitum
234 4488 371 4553 Heinsio
407 4490 605 4575 displicebat.
638 4489 684 4552 At
707 4511 772 4553 non
795 4490 873 4553 item
898 4489 1024 4553 Ovidio.
1048 4491 1215 4553 Permulta

104 4593 248 4678 exempla
282 4594 502 4679 unusquisque
538 4615 580 4657 ex
611 4595 679 4657 cius
704 4594 897 4657 carminibus
921 4595 1072 4678 colligere
1096 4600 1213 4680 potest,
