2956 4958
287 699 359 780 §2.
407 698 1239 782 himmmuhmwamwmcmffltmn

518 833 1001 894 awwwmwmwmw

233 1039 357 1124 Capite
395 1039 535 1103 secundo
571 1041 634 1101 iam
670 1041 794 1122 egimus
829 1039 869 1101 de
893 1039 1003 1102 fabula
1028 1038 1207 1104 Perimeles
1227 1061 1318 1124 nym-

157 1145 285 1231 phae
319 1146 353 1207 in
389 1145 526 1207 insulam
563 1151 705 1208 mutatae
725 1144 766 1208 ad
790 1143 1086 1224 demonstrandum,
1111 1143 1208 1208 huius
1232 1150 1318 1208 certe

155 1251 256 1314 loci
282 1271 393 1314 versus
416 1250 587 1312 nonnullos
611 1250 707 1333 plane
731 1249 932 1312 abundantes
956 1249 996 1311 ab
1010 1249 1241 1333 interpolatore
1255 1249 1317 1313 ori-

159 1355 308 1438 ginem
343 1355 463 1418 habere
498 1376 570 1449 non>
598 1376 701 1438 posse.
737 1354 842 1426 Quare
867 1354 907 1417 ad
932 1375 1003 1416 eam
1028 1375 1113 1416 nunc
1136 1354 1316 1420 redeamus.

161 1457 303 1524 Locus
328 1467 376 1522 est
400 1458 495 1538 VIII,
520 1481 580 1521 vss.
607 1460 669 1521 595
696 1481 763 1543 sqq.

330 1602 455 1686 Excepi
479 1607 675 1684 nantemque
701 1601 807 1717 ferens
835 1621 872 1679 ,o
896 1601 1045 1685 proxima
1069 1601 1181 1664 mundi

330 1728 431 1791 regna
454 1706 566 1790 vagae'
569 1706 668 1770 ’dixi
695 1705 805 1786 ,soant
808 1704 1035 1768 etridentifer
1058 1706 1175 1788 undae,

330 1812 420 1875 adfer
449 1833 542 1896 opem
567 1832 766 1894 mersaeque,
791 1831 914 1894 precor,
937 1810 1047 1873 feritat
999 1816 1226 1895 tatepaterna

330 1917 381 1998 da,
406 1917 569 2000 Neptune,
593 1917 715 1996 locum,
739 1916 792 1978 vel
815 1915 855 1977 sit
878 1915 966 1978 locus
991 1916 1070 2000 ipsa,
1093 1917 1233 1981 licebit.’'

329 2022 416 2085 Dum
439 2022 562 2104 loquor,
587 2021 737 2104 amplexa
762 2028 809 2082 est
834 2026 921 2083 artus
945 2043 1028 2084 nova
1052 2028 1137 2085 terra
1165 2029 1314 2088 natantes

328 2133 361 2189 et
384 2126 492 2209 gravis
515 2125 650 2189 increvit
674 2117 804 2188 mutatis
828 2125 932 2189 insula
957 2126 1139 2189 rnembris.”

230 2265 298 2346 Ita,
343 2269 563 2352 unusquisque
612 2267 744 2347 videbit,
793 2267 934 2330 breviter
971 2289 1058 2347 sane,
1089 2269 1146 2331 sed
1179 2271 1312 2355 pulchre

153 2385 240 2449 ¹res
277 2379 406 2436 narrata
442 2373 679 2435 estruem
682 2394 735 2434 um
760 2393 870 2434 versus
894 2379 968 2435 sunt
991 2395 1024 2434 m
1044 2373 1112 2436 cod
1137 2374 1311 2440 Marciano.

180 2467 306 2539 Aliit
293 2483 404 2540 tamen
439 2499 496 2562 pro
516 2477 565 2539 his
590 2497 649 2539 sex
669 2477 812 2539 versibus
837 2477 995 2540 exhibent
983 2484 1083 2540 tnon
1108 2479 1309 2544 minusduo·

184 2571 358 2666 deviginti.
385 2581 480 2644 Unde
500 2581 631 2644 tandem
655 2589 729 2643 sunt
754 2581 924 2643 duodecim
949 2584 1072 2645 ceteri?

236 2681 324 2749 Iusta
349 2707 444 2749 eausa
468 2685 628 2749 inserendi
653 2707 718 2749 non
742 2686 851 2768 adest3
875 2707 970 2750 nemo
995 2689 1108 2750 saltem
1129 2687 1162 2750 id
1175 2689 1308 2753 demon-

177 2788 291 2854 ‚strare
325 2791 441 2876 potuit,
479 2812 520 2853 ne
556 2789 593 2853 Ο.
630 2791 666 2853 Τ.
704 2789 837 2875 Gruppe
874 2792 1013 2875 quidem,
1039 2795 1098 2877 qui,
1116 2793 1197 2857 nihil
1221 2796 1308 2859 aliud

196 2907 306 2970 quam:
334 2897 426 2975 ,eine
451 2895 508 2957 der
530 2895 694 2958 lu'ihnsten
719 2896 938 2960 Sehhnhoiten
957 2898 1014 2960 des
1029 2898 1180 2964 Dichters
1193 2902 1234 2965 ist
1247 2926 1308 2968 uns

126 3020 129 3025 ·
196 2988 263 3059 hier
282 3007 397 3064 vernn
386 3000 489 3063 reut⁷'
503 3001 534 3080 ¹)

240 3101 342 3167 Ant
310 3105 408 3168 etiam
431 3106 483 3168 hic
507 3106 619 3169 adesse
644 3106 811 3169 credamus
834 3107 877 3187 id,
903 3109 989 3188 quod
1005 3110 1059 3172 ille
1073 3117 1217 3174 veterum
1232 3135 1305 3177 auc·

204 3205 295 3271 torum
318 3216 509 3293 repurgator
532 3210 572 3272 de
597 3212 772 3274 innumeris
797 3233 876 3292 quas
900 3212 1062 3276 detexisse
1083 3216 1142 3278 sibi
1156 3218 1242 3281 visus
1258 3227 1307 3283 est

210 3307 532 3399 „interpolationibus”
555 3316 651 3378 dixit:
679 3318 751 3395 ,ein
774 3316 923 3379 Produkt
938 3317 1306 3407 desBuehhandels''?²')

208 3407 304 3499 Nemo,
335 3419 480 3499 credat
482 3428 586 3483 anast
574 3422 673 3484 tultus
691 3422 758 3485 fuit
746 3422 966 3506 tbihliopcla,
992 3426 1082 3508 quit
1070 3427 1167 3490 talem
1194 3429 1307 3531 depr-a

209 3520 350 3587 vallonem
373 3526 561 3608 cuiusquam
583 3527 720 3588 auctoris
733 3524 938 3590 inserendam
951 3530 1126 3594 curavisset
1139 3535 1217 3596 aut
1209 3537 1306 3613 inseri

210 3639 300 3702 passus
312 3637 408 3709 esset
421 3636 457 3692 ut
471 3652 607 3708 novam
618 3631 868 3715 melioremque
883 3633 949 3695 edr
937 3635 1307 3704 ronemcommendare

212 3730 444 3818 vernamque.

243 3829 407 3922 Vulgata
398 3839 443 3922 igi
446 3845 497 3900 tur
521 3839 704 3923 explicandi
728 3847 777 3903 rat
779 3841 808 3904 io
765 3842 885 3904 thic
903 3843 1011 3906 nihil'
1003 3853 1103 3909 iuvat.
1081 3846 1171 3910 tAt
1190 3849 1303 3913 horum

212 3949 337 4005 versuum
373 3964 682 4027 supernae-aneorum
720 3945 809 4029 origo
840 3947 904 4009 iam
927 3947 1067 4012 indicata
1092 3959 1140 4015 est
1127 3953 1252 4016 tabl
1277 3954 1304 4017 Ι

213 4029 356 4127 Hartman,
378 4048 410 4109 ln
423 4048 564 4111 editione
576 4049 898 4133 Metamorphoseon:
914 4060 1009 4136 poeta
1023 4054 1092 4138 ipse
1106 4055 1153 4118 bis
1167 4058 1303 4122 eandem
1322 4060 1325 4070 “

214 4156 264 4206 Ilm
282 4153 428 4233 narravit,
454 4154 509 4215 sed
534 4153 639 4216 adhuc
663 4155 694 4216 in
719 4155 815 4218 dubio
841 4164 910 4220 erat
934 4166 1043 4221 utrum
1063 4161 1242 4244 longiorem
1263 4185 1308 4240 an¹

216 4292 330 4317 *⁸*

245 4385 616 4518 ἑ)ΜΜΠῃ.45οΠ.

245 4464 267 4538 2)
301 4471 403 4544 Minoe,
426 4478 564 4551 pg 165.
