3224 5130
734 443 775 506 95

195 619 286 685 Haec
309 622 417 686 omnia
440 628 526 688 recte
551 623 690 709 quidem.
705 625 897 692 Tenendum
912 648 988 692 vero
1004 633 1052 692 est
1065 642 1176 690 omnes
1189 624 1315 691 codices

196 727 315 791 habere
351 727 503 810 ,Perseu'.
531 729 574 793 Et
601 739 786 817 praeterea:
811 734 896 797 unde
920 739 1030 798 cetera
1055 732 1172 813 omnia,
1197 732 1316 819 quippe

196 852 276 916 quae
314 853 372 917 per
404 853 438 896 se
472 840 616 920 spectata
650 857 715 901 non
750 839 834 902 mala
869 839 956 902 sint?
992 838 1057 902 Ubi
1101 837 1182 901 nihil
1205 837 1317 902 deerat

195 937 370 1001 narrationi
411 959 516 1022 noque
552 939 667 1004 lacuna
702 948 772 1006 erat
806 943 988 1025 statuenda,
1025 964 1080 1007 cur
1112 943 1316 1029 interpretes,

206 1041 407 1126 scholiastae,
441 1044 687 1129 interpolatores
722 1047 844 1128 aliquid
878 1048 1031 1133 supplere
1056 1048 1318 1134 oonatiessent?

239 1146 348 1210 Etiam
382 1147 465 1214 hanc
496 1170 565 1212 rem
589 1150 703 1214 eadem
727 1151 852 1216 ratione
886 1153 1042 1237 explicari
1072 1173 1166 1239 posse
1190 1174 1316 1236 censeo,

196 1273 257 1336 qua
290 1251 343 1336 qui
376 1275 472 1338 supra
496 1255 623 1318 tractati
647 1263 722 1320 sunt
740 1257 816 1332 loci.
840 1257 942 1321 Paulo
967 1258 1145 1322 accuratius
1168 1257 1317 1344 inspicia-

197 1377 266 1419 mus
291 1377 339 1439 ea,
364 1377 446 1441 quae
469 1359 503 1422 in
522 1359 690 1423 'codicibus
714 1361 832 1448 scripta
855 1370 939 1426 sunt.

240 1458 316 1524 Tria
339 1467 423 1544 sunt,
447 1482 531 1544 quae
555 1464 652 1527 variis
676 1463 778 1528 modis
802 1467 968 1530 enuntiata
992 1441 1233 1531 inveniuntur?

200 1618 259 1677 11111
594 1621 762 1705 cultusque
785 1641 953 1705 genusque
978 1623 1119 1686 locorum

330 1723 456 1807 quaerit
478 1723 696 1808 Abantiades3

199 1878 260 1938 21111
596 1880 765 1961 quaerenti
788 1881 934 1966 protinus
954 1903 1038 1946 unus

330 1989 439 2047 narrat
452 2031 614 2048 ........
638 2005 808 2068 moresque
832 1985 1043 2068 habitumque
1067 1987 1207 2051 virorum

199 2141 260 2200 311111
330 2137 420 2211 Quae
445 2139 540 2203 simul
565 2140 693 2204 edocuit
718 2140 833 2222 ,Nunc
857 2163 874 2204 o
900 2141 1102 2225 fortissime’',
1126 2143 1209 2206 di'xit

332 2247 421 2329 ,fare
444 2248 578 2335 preoor”
601 2250 735 2332 Persen,
760 2270 829 2332 sqq.

242 2403 306 2468 Sed
339 2425 404 2468 non
438 2425 496 2491 per
528 2405 609 2469 haec
634 2405 742 2469 omnia
764 2413 862 2491 poeta
884 2406 1103 2470 narrationem
1127 2404 1315 2468 continuare

197 2515 342 2595 poterat:
368 2515 424 2573 aut
446 2510 587 2596 primum
611 2517 666 2574 aut
690 2512 827 2574 alterum
851 2510 1050 2574 reiciendum
1074 2515 1152 2572 erat.

242 2613 391 2678 Fortasse
415 2616 518 2701 primo
543 2617 680 2680 tentavit
703 2622 818 2702 poeta:

466 2801 473 2816 .
500 2801 506 2815 .
532 2801 539 2815 .
564 2753 733 2837 cultusque
757 2771 924 2836 genusque
949 2751 1092 2813 locorum

332 2858 457 2942 quaerit
480 2857 682 2921 Abantiades
706 2857 772 2940 (rel
795 2855 987 2942 Lyncides);

199 3017 256 3082 sed
281 3019 355 3103 quia
378 3040 476 3106 super
499 3040 612 3083 cenam
636 3020 815 3106 nuptialem
839 3019 911 3082 talis
934 3039 1039 3083 sermo
1059 3017 1206 3082 rusticior
1217 3016 1320 3083 videri

198 3130 327 3210 poterat
370 3146 388 3188 a
424 3125 544 3190 Perseo
588 3126 702 3189 saltem
747 3125 820 3190 talis
856 3125 1000 3211 quaestio
1037 3124 1219 3211 exspectari
1254 3143 1319 3187 non

200 3236 338 3316 poterat,
363 3231 457 3295 aliter
480 3237 613 3296 conatus
637 3238 703 3296 est:

335 3367 495 3434 diffudere
520 3370 653 3452 animos,
679 3368 847 3454 quaerenti
869 3367 1016 3453 protinus
1040 3388 1124 3432 unus

334 3482 443 3539 narrat
465 3474 630 3561 Lyncidae
653 3495 823 3559 moresque
846 3472 1059 3558 habitumque
1082 3473 1224 3537 virorum

335 3578 426 3653 Quae
449 3581 545 3645 simul
569 3580 707 3663 edocuit,
733 3579 858 3662 ,Nunc
882 3600 900 3642 o
924 3577 1128 3661 fortissime,’'
1142 3576 1235 3660 dixit,
1251 3596 1318 3661 sqq.

245 3717 288 3782 Et
323 3740 405 3804 quae
440 3719 543 3805 primo
581 3726 613 3783 et
648 3739 729 3804 quae
759 3717 878 3782 deinde
901 3718 1039 3781 tentavit
1062 3723 1170 3803 poeta,
1195 3714 1319 3778 codices

202 3831 422 3908 servaverunt,
456 3824 512 3889 sed
536 3825 669 3889 mutatis
692 3825 814 3909 aliquot
837 3823 944 3888 verbis
968 3821 1192 3886 confuderunt.
1216 3821 1319 3885 Poeta

202 3930 272 4016 ipse
296 3929 406 3994 delere
429 3951 513 4012 quae
538 3931 712 3996 omissurus
737 3936 805 3994 erat
828 3951 894 3994 non
916 3935 1053 4016 poterat.

205 4210 256 4275 VI
290 4214 393 4277 aeos
439 4261 445 4275 .

248 4261 365 4400 lliobe,
393 4233 508 4382 ddrtior
542 4317 627 4382 facta
662 4322 787 4403 septem
822 4315 905 4381 filios
928 4313 1113 4402 Appollinis
1137 4319 1169 4378 et
1192 4312 1319 4377 Dianae

206 4422 330 4507 sagittis
354 4422 507 4487 occidisse
532 4430 565 4486 et
588 4423 679 4506 irata,
704 4422 790 4507 quod
813 4421 882 4486 ausi
895 4420 956 4484 hoc
978 4427 1086 4485 essent
1099 4419 1218 4507 superi,
1234 4416 1320 4503 quod

203 4534 329 4593 tantum
352 4529 429 4593 iuris
452 4529 620 4611 haberent,
