3298 5134
752 501 794 562 23

258 687 489 751 Cornelius
526 685 722 768 Severus,
769 704 866 766 quern
915 679 1049 744 Ovidius
1085 683 1245 762 ,iucunde
1280 707 1327 749 so·

213 791 313 857 dalis’'
338 791 491 876 appellat,
515 797 712 855 memoratur
735 811 778 853 ex
789 789 826 852 P.
840 788 867 868 I,
881 791 900 850 8
915 793 947 850 et
958 785 1051 867 [Va.
1065 807 1107 850 ex
1121 788 1193 870 Ρ.Ι,
1207 794 1238 872 8,
1254 794 1268 852 1
1284 811 1330 871 sq.

348 894 399 974 ,A
434 895 492 958 tibi
527 895 644 958 dilecto
681 896 811 958 missam
846 893 976 956 Nasone
1008 891 1146 955 salutem

389 1000 508 1084 accipe,
532 1022 606 1085 pars
630 1001 757 1064 animae
781 1019 909 1082 magna,
934 995 1064 1078 Severe,
1089 998 1211 1063 meac'’.

252 1208 389 1271 Praeter
411 1207 480 1288 hos,
505 1208 561 1288 qui
584 1208 713 1271 nomine
741 1203 899 1286 „sodalis”
924 1224 1035 1268 omnes
1059 1205 1247 1288 afferuntur,
1272 1208 1326 1271 alii

208 1319 285 1377 sunt
307 1320 425 1398 poetae
449 1312 611 1393 aequales,
636 1332 773 1394 quorum
797 1310 938 1374 amicitia
963 1317 995 1372 et
1014 1309 1231 1374 familiaritate
1251 1334 1327 1376 usus

209 1425 258 1480 est
282 1416 427 1480 Ovidius.

251 1521 504 1600 Tuticanus,
555 1521 645 1583 ouius
690 1541 808 1583 nomen
843 1519 986 1582 numeris
1021 1519 1170 1582 carminis
1216 1526 1328 1605 aptum

205 1647 272 1690 non
295 1631 373 1706 erat,
398 1624 439 1688 ad
463 1644 561 1705 quem
585 1645 627 1687 ex
650 1624 687 1687 P.
712 1623 772 1706 IV,
801 1626 838 1686 12
863 1630 896 1685 et
923 1625 973 1686 14.

251 1729 311 1812 IV,
338 1732 388 1811 12,
414 1731 456 1792 20
480 1750 560 1813 sqq.:

386 1859 516 1938 ,Paene
541 1858 619 1921 mihi
642 1878 743 1943 puero
768 1858 897 1941 cognite
921 1877 1026 1942 paene
1057 1879 1148 1942 puer,

338 1983 460 2048 perque
488 1969 537 2026 tot
560 1983 717 2026 annorum
741 1962 868 2041 seriem,
893 1968 971 2044 quot
993 1960 1152 2026 habemus
1177 1970 1326 2049 uterque,

383 2088 447 2130 non
471 2067 560 2148 mihi,
590 2087 687 2148 quarn
724 2066 814 2129 fratri
848 2066 957 2146 frater,
981 2072 1088 2129 amate
1112 2069 1228 2132 minus.

339 2169 390 2234 Tu
413 2171 515 2234 bonus
539 2171 693 2251 hortator,
717 2177 753 2234 tu
777 2170 909 2251 duxque
934 2191 1105 2252 comesque
1129 2172 1227 2255 fuisti,

267 2327 276 2336 ,
384 2297 456 2338 cum
480 2296 628 2360 regerem
652 2283 764 2338 tenera
788 2275 879 2338 frena
903 2277 1030 2338 novella
1054 2298 1161 2340 manu.

339 2378 434 2462 Saepe
465 2402 517 2462 epo
540 2381 656 2440 ror-reci
676 2380 731 2440 aab
756 2391 782 2440 tc
805 2402 921 2440 remeare
947 2379 1079 2441 libellos:

382 2507 470 2566 saepe
493 2485 548 2545 tibi
570 2486 729 2546 admonita
747 2485 838 2568 scota
864 2484 958 2544 litare
984 2507 1047 2546 meo
1073 2485 1145 2558 est,'’
1168 2506 1237 2568 sqq.

247 2647 391 2713 Macer
428 2650 638 2735 (Pomponius
675 2650 785 2713 Macer
815 2650 960 2731 fortasse,
984 2652 1036 2714 cui
1058 2650 1226 2735 Augustus
1252 2673 1323 2731 ,or-

200 2753 361 2816 dinandas
384 2754 595 2819 bibliothecas
619 2753 846 2839 delegaverat''
871 2754 960 2818 Suet.
987 2752 1077 2818 Caes.
1091 2756 1147 2836 56)
1171 2754 1322 2837 adquem

197 2857 278 2921 Am.
313 2857 357 2940 II,
396 2861 435 2922 18
474 2866 507 2923 et
543 2899 580 2906 —
612 2882 685 2924 cum
708 2860 883 2924 acerbitate
907 2859 1048 2940 quadam
1073 2899 1110 2906 -
1139 2882 1190 2925 ex.
1214 2862 1252 2924 P.
1276 2862 1321 2943 II,

203 2962 257 3045 10,
282 2984 389 3028 comes
413 2963 529 3028 Ouidio
553 2964 624 3045 fuit,
647 2986 719 3028 cum
731 2964 765 3027 in
776 2963 890 3026 Asiam
903 2970 935 3026 et
949 2962 1091 3028 Siciliam
1104 2965 1220 3029 itinera
1233 2966 1319 3029 fecit.

248 3089 300 3132 ex.
324 3069 362 3132 P.
386 3069 430 3151 Π,
457 3070 508 3150 10,
533 3072 572 3132 21
599 3088 656 3149 sq:

338 3241 405 3321 ,Te
429 3241 510 3304 duce
534 3240 719 3323 magnificas
742 3239 842 3304 Asiae
865 3240 1091 3325 perspeximus
1114 3242 1220 3324 urbes,

379 3346 540 3409 Trinacris
564 3351 612 3408 est
636 3346 735 3409 oculis
759 3352 791 3408 te
816 3344 897 3408 duce
921 3351 998 3407 nota
1022 3343 1133 3407 meis.’'

292 3452 332 3513 35
350 3451 475 3536 ,Saepe
499 3451 605 3514 brevis
628 3448 720 3514 nobis
744 3450 866 3514 vicibus
890 3450 942 3512 via
965 3449 1033 3512 visa
1056 3449 1209 3528 loquendi

377 3557 546 3640 pluraque,
571 3556 598 3618 si
619 3575 781 3635 numeres,
805 3554 903 3617 verba
927 3554 1017 3618 fuere
1041 3554 1163 3638 gradu'’
1187 3576 1255 3637 sqq.

244 3733 545 3826 Albinovanus
581 3734 703 3817 Pedo,
728 3734 768 3797 ad
792 3756 888 3816 quem
913 3756 955 3798 cx
977 3735 1015 3797 P.
1041 3735 1099 3817 IV,
1127 3737 1178 3817 10,
1203 3741 1317 3817 „caris-
1428 3786 1432 3795 -

195 3840 319 3904 simus''
342 3841 533 3925 appellatur,
560 3840 635 3920 ,qui
657 3845 780 3924 perstas
802 3841 1015 3904 indeclinatus
1039 3841 1173 3904 amico.''

243 4018 434 4092 Sabinus,
466 4019 506 4082 de
539 4040 602 4103 quo
625 4018 701 4082 Am.
726 4019 770 4100 Π,
798 4023 847 4100 18,
873 4023 912 4084 27
937 4043 1015 4105 sqq,
1040 4041 1193 4102 responsa
1217 4022 1315 4107 scrip-

194 4125 238 4188 sit
262 4124 444 4188 Heroidum
468 4125 629 4212 epistulis:

333 4252 450 4314 ,quam
475 4231 536 4293 cito
561 4230 601 4292 de
625 4233 692 4292 toto
716 4229 812 4292 rediit
835 4250 925 4293 meus
949 4231 1024 4293 orbe
1049 4229 1187 4294 Sabinus

375 4334 558 4421 scriptaque
582 4331 715 4397 <liversis
739 4335 863 4398 rettulit
887 4335 940 4397 illc
964 4334 1060 4396 locis'’
1085 4356 1153 4419 sqq.

194 4439 237 4504 cl.
275 4461 318 4502 cx
347 4440 385 4503 P.
410 4440 469 4522 IV,
497 4443 547 4521 16,
574 4442 630 4502 13;

334 4551 387 4626 ,ct
410 4545 465 4634 qui
487 4544 673 4634 Penelopae
697 4545 872 4610 rescribere
900 4545 992 4609 iussit
1015 4543 1169 4616 Ulixen.”
