2956 4958
580 1178 786 1251 CAPUT
824 1180 853 1252 l.

430 1401 490 1464 DE
515 1398 998 1464 INTERPOLATIONIBus.

252 1614 268 1693 ξ
297 1616 324 1674 l.
371 1610 416 1674 N.
444 1610 588 1672 Heinsius
608 1612 729 1693 primus·
755 1615 785 1670 ro
817 1609 918 1672 Ouidii
940 1612 1067 1676 Melum.
1091 1612 1175 1672 litut·

423 1725 521 1786 multu
547 1726 654 1807 optario
677 1726 789 1786 inserto.
817 1749 875 1786 ease
900 1726 1019 1786 certarat.

201 1940 242 2003 In
265 1945 334 2002 arte
359 1939 468 2001 critica
492 1959 557 2001 non
580 1937 661 2000 nihil
684 1938 793 2017 refert,
818 1959 881 2021 qua
894 1938 1017 2001 ratione
1032 1940 1150 2023 scripta
1165 1945 1275 2002 vetera

156 2051 360 2108 censeantur.
397 2043 436 2106 In
470 2044 582 2129 primis
617 2043 643 2104 si
679 2042 719 2105 de
749 2043 874 2127 scriptis
897 2043 1013 2127 spuriis
1038 2050 1093 2106 aut
1116 2044 1276 2128 genuiniS,

157 2150 197 2213 de
233 2150 378 2213 versibus
414 2149 563 2233 genuinis
599 2155 654 2210 aut
689 2147 805 2231 spuriis
843 2153 891 2210 est
921 2147 1172 2230 diiudicandum,
1197 2170 1278 2233 opus

158 2261 216 2335 est,
251 2262 288 2317 ut
322 2254 480 2317 rationem
513 2251 676 2314 iudicandi
700 2272 882 2332 sequamur,
908 2273 990 2337 quae
1015 2274 1112 2334 quam
1136 2254 1277 2316 maxime

159 2382 232 2424 cum
256 2359 396 2421 auctoris
420 2359 561 2442 ingenio,
586 2359 750 2440 facultate,
776 2358 933 2422 industria
957 2367 1121 2444 congruat.

202 2464 364 2547 Exemplo
403 2463 443 2525 sit
477 2463 734 2548 Peerlkampius.
773 2463 837 2525 llio
872 2465 905 2526 in
940 2464 1070 2528 Horatii
1101 2465 1277 2528 carminum

160 2559 302 2633 editione
327 2589 399 2630 eam
423 2569 580 2631 rationem
605 2568 747 2649 adhibet,
772 2575 808 2631 ut
835 2568 1026 2647 ,Horatium
1050 2591 1115 2633 non
1127 2576 1280 2652 agnoscat

159 2676 219 2738 nisi
249 2674 283 2737 in
306 2673 369 2735 illis
392 2672 514 2756 ingenii
539 2674 765 2738 monumentis.
791 2692 873 2755 quac
897 2679 962 2734 tam
987 2679 1063 2757 apta
1087 2679 1119 2735 ot
1142 2672 1280 2736 rotunda

160 2787 247 2861 sunt,
281 2787 318 2842 ut
353 2777 434 2840 nihil
468 2777 598 2840 demere
623 2777 735 2862 possis,
760 2777 837 2860 quin
862 2777 1057 2861 elegantiam
1081 2776 1262 2858 minuas”.¹)

204 2884 275 2956 Quo
299 2903 420 2967 genere
444 2902 599 2945 censurae
623 2884 671 2945 vir
693 2884 747 2945 illc
772 2881 984 2964 doctissimus,
1012 2881 1103 2945 latini
1125 2883 1281 2945 sermonis

160 2988 382 3074 peritissimus,
406 2995 575 3072 praeterea
599 2988 759 3071 suspicax,
784 2987 913 3070 qualem
938 2986 1031 3050 decet
1053 3007 1122 3050 esse
1136 2987 1280 3070 quicum·

162 3115 222 3178 que
248 3099 351 3156 artem
376 3093 517 3154 criticam
543 3099 704 3174 exerceat,
730 3090 887 3153 adductus
911 3098 960 3154 est
983 3099 1019 3154 ut
1041 3092 1159 3154 multos
1171 3112 1282 3153 versus

161 3199 297 3263 Horatio
340 3198 548 3274 abiudicaret.
585 3199 688 3262 Multa
723 3206 811 3261 certe
844 3199 923 3260 vitio
957 3197 992 3258 in
1028 3196 1157 3258 Horatii
1193 3195 1281 3257 libris

162 3305 214 3368 ille
239 3305 384 3385 detexit,
408 3305 510 3367 multa
534 3304 697 3385 indicavit,
723 3324 805 3387 quae
830 3304 863 3366 in
879 3302 918 3364 iis
932 3301 1084 3364 mendosa
1099 3307 1154 3363 aut
1168 3301 1282 3362 saltem

163 3416 310 3495 suspecta
345 3416 428 3471 sunt.
466 3407 572 3480 Quare
609 3410 677 3472 eius
714 3408 811 3472 editio
848 3427 960 3471 omnes
996 3406 1063 3468 fere
1087 3403 1283 3467 recentiores

165 3515 320 3577 editiones
355 3514 455 3596 regit:
492 3534 534 3575 ex
570 3515 638 3576 eius
677 3514 762 3576 enim
798 3513 922 3575 ratione
947 3509 1056 3574 critica
1080 3508 1147 3571 lere
1172 3529 1283 3571 omnes

165 3618 270 3703 aliqua
308 3638 351 3680 ex
384 3623 476 3702 parte
511 3618 666 3702 pendent,
691 3625 757 3681 tam
783 3637 865 3701 quae
891 3637 961 3679 eam
987 3619 1164 3698 sequuntur
1188 3633 1284 3696 quam

166 3744 245 3807 quae
271 3722 300 3785 ei
325 3721 546 3785 adversantur.
572 3723 732 3795 Quoniam
757 3723 844 3784 eninr
867 3719 998 3783 Horatii
1022 3718 1188 3802 ingenium
1208 3737 1284 3801 poe-

166 3829 273 3908 ticum,
298 3828 471 3912 praecipue
496 3829 530 3890 in
552 3828 643 3913 poesi
667 3828 766 3913 lyrica
790 3847 875 3889 nunc
905 3823 1059 3908 temporis
1083 3843 1148 3885 non
1160 3827 1196 3884 ut
1209 3822 1284 3884 olim

167 3933 202 3996 ab
241 3932 390 3996 omnibus
426 3933 559 3995 summis
594 3932 744 3995 laudibus
780 3930 924 4010 effertur,
948 3927 1096 3991 nonnulli
1121 3931 1206 4006 sunt,
1231 3926 1285 4009 qui

167 4036 384 4122 Peerlkampii
410 4036 449 4099 de
488 4038 605 4122 spuriis
639 4037 786 4101 versibus
819 4035 1014 4099 sententiam
1045 4053 1109 4095 non
1133 4031 1220 4094 omni
1244 4051 1286 4093 ex

170 4151 257 4227 parte
281 4163 392 4206 reram
416 4162 486 4205 esse
511 4149 673 4206 censeant.

171 4304 308 4314 ——.-—-

207 4388 233 4461 l)
274 4384 390 4443 Peerlk.
423 4383 460 4440 ad
485 4383 557 4441 Hor.
579 4402 669 4441 carm.
691 4383 714 4453 Ι,
742 4384 793 4451 16;
826 4381 863 4440 cf.
884 4379 908 4437 I.
930 4379 954 4437 I.
977 4379 1134 4446 Hartman,
1157 4376 1192 4434 de
1214 4379 1292 4436 Hor.

233 4469 328 4541 poeta,
349 4482 399 4539 pg.
423 4463 469 4520 10.

1192 4559 1207 4616 1
