2956 4958
651 400 669 460 9

101 593 272 656 Friedrich
305 592 398 654 Pollo
430 584 614 670 appellandi
638 590 722 666 sunt,
746 604 882 668 quorum
906 585 1051 670 plerique
1075 588 1109 650 in
1132 588 1224 652 editi·

101 698 219 762 onibus
255 698 319 760 suis
356 716 422 758 non
450 692 552 754 solum
577 692 646 753 aliis
669 712 781 754 versus
805 691 960 775 quosdam
985 714 1028 755 ox
1050 693 1225 758 Metamor-

99 803 249 888 phoseon
272 802 362 865 libris
386 796 605 882 relegentibus
630 798 751 860 assensi
775 804 860 877 sunt,
885 797 941 861 sed
964 821 1065 862 novos
1097 820 1224 884 quoque

100 909 143 971 de
168 930 226 971 suo
251 908 300 970 his
325 905 518 968 addiderunt
542 903 661 965 obelos.

148 1013 213 1076 Sed
245 1033 366 1093 omnes,
400 1011 455 1090 qui
488 1008 627 1072 acumini
654 1029 710 1070 suo
737 1009 952 1072 inservierunt
975 1010 1009 1072 in
1033 1010 1224 1095 detegendis

98 1118 247 1181 versibus
270 1118 304 1179 in
326 1113 640 1206 Metamorphosesin
656 1113 868 1197 interpolatis,
882 1114 1045 1177 antecedit
1065 1115 1220 1180 Rudol·

97 1223 209 1308 phus
246 1221 416 1284 Merkel
451 1218 710 1300 (lali-1885).
744 1217 818 1300 llic,
854 1218 895 1282 de
931 1219 1057 1304 Ovidio,
1091 1221 1142 1284 cui
1165 1243 1224 1306 per

99 1329 335 1414 quinquaginta
380 1342 647 1407 annos'operam
682 1322 783 1404 dedit,
819 1324 942 1409 optime
977 1327 1120 1407 meritus,
1156 1334 1222 1389 tam

98 1434 220 1497 multos
244 1440 352 1497 tamen
376 1454 487 1509 versus
512 1428 590 1510 (non
613 1429 719 1492 minus
743 1431 917 1510 trecentos)
941 1431 1065 1493 uncinis
1082 1431 1222 1513 inclusit,

99 1545 139 1602 ut
174 1539 287 1601 merito
325 1539 365 1600 sit
404 1535 580 1599 verendum
615 1555 658 1596 ne
693 1555 744 1596 ars
779 1535 887 1597 critica
924 1556 961 1598 eo
986 1536 1081 1599 modo
1105 1537 1222 1599 iustam

99 1645 189 1707 viam
214 1644 402 1706 deseruerit.
431 1641 581 1704 Ceterum
607 1661 670 1702 non
694 1640 798 1702 solum
821 1639 948 1703 Merkel
963 1643 1140 1726 permultos
1153 1663 1223 1705 ver·

100 1771 157 1812 sus
191 1748 414 1833 suppositicios
445 1746 608 1824 iudicavit,
632 1765 753 1828 genera
778 1745 875 1807 etiam
901 1753 932 1808 et
956 1753 1102 1832 tempora
1125 1748 1223 1810 inter·

98 1853 302 1938 polationum
327 1851 538 1914 demonstrari
562 1870 655 1934 posse
677 1849 737 1911 sibi
754 1870 944 1934 persuasum
958 1851 1079 1914 habuit.
1093 1852 1223 1915 Etenim

97 1965 231 2044 praeter
257 1980 328 2020 eam
355 1956 636 2041 interpolationem
663 1976 765 2038 ,quac
790 1976 872 2018 saec.
895 1955 966 2019 XII
1001 1978 1043 2019 ex
1067 1957 1223 2043 interpre-

99 2065 223 2127 tatione
259 2063 447 2126 scholastioa
479 2059 730 2146 proiecta’'est¹),
756 2061 812 2123 sed
839 2081 922 2140 quae
949 2083 1128 2143 ,nusquam
1151 2084 1224 2148 pro-

99 2170 176 2233 tulit
216 2176 271 2231 aut
306 2170 462 2230 intactum
498 2166 637 2246 reliquit,
674 2165 759 2245 quod
783 2167 844 2228 nisi
868 2165 1054 2251 imperitum
1079 2167 1224 2230 criticum

97 2280 260 2358 temptare
295 2271 429 2357 possit,’'
462 2272 523 2334 tria
548 2271 610 2333 alia
633 2291 754 2354 genera
778 2262 1064 2356 interpolationum
1090 2273 1224 2336 diversis

97 2387 110 2442 t

113 2379 299 2462 emporibus
323 2376 541 2462 dignoscenda
566 2397 636 2438 esse
660 2376 849 2440 arbritratus
873 2385 931 2441 est.

148 2483 293 2545 Primum
323 2503 437 2565 genus,
472 2501 535 2561 quo
571 2482 717 2561 lacunae,
752 2481 786 2543 in
822 2484 938 2562 quibus
967 2483 1224 2564 hemistichia,n

98 2595 199 2674 poeta
223 2588 364 2669 relictae,
389 2587 622 2672 supplebantur
649 2587 852 2665 ,interventu
877 2587 1023 2672 Hygini'’
1050 2589 1120 2668 ,cui
1148 2587 1223 2650 Ovi·

100 2695 175 2756 dius
211 2694 296 2756 Trist
324 2693 387 2773 III,
415 2695 464 2772 14,
494 2695 531 2753 la
556 2690 834 2775 Metamorphoses
862 2693 1087 2756 commendat''
1111 2700 1223 2756 natum

99 2799 197 2880 ost2).
233 2799 285 2861 Ex
321 2799 411 2861 initio
442 2798 541 2882 igitur
564 2796 659 2880 primi
685 2796 805 2859 saeculi
830 2797 988 2881 originem
1012 2799 1092 2861 illud
1115 2798 1223 2861 habet.

148 2903 332 2966 Secundum
355 2924 468 2988 genus,
493 2923 555 2982 quo
581 2902 679 2964 etiam
709 2903 965 2980 ,vetustissimae
990 2910 1116 2968 tantum
1140 2924 1223 2985 quae

98 3009 215 3072 adesse
255 3007 448 3071 videbantur
485 3008 619 3069 lacunae
652 3006 733 3069 mira
757 3007 948 3090 plerumque
976 3009 1123 3072 barbarie
1150 3031 1223 3093 sup-

97 3115 241 3199 plentur,
276 3134 428 3175 versuum
464 3111 641 3195 particulae
666 3117 721 3173 aut
747 3112 952 3175 hemistichia
976 3136 994 3176 a
1019 3123 1117 3200 poeta
1141 3114 1222 3176 Ver-

96 3219 220 3304 giliano
244 3219 395 3302 exemplo
419 3217 560 3279 relicta'’.
586 3216 628 3278 Et
652 3218 727 3296 quia
758 3217 890 3280 Metam.
915 3218 1000 3282 VIII
1025 3222 1078 3300 87,
1106 3220 1169 3282 iam
1183 3220 1222 3282 ab

96 3323 237 3386 Heinsio
259 3323 386 3407 spurius
414 3322 584 3403 iudicatus,
613 3323 699 3406 apud
725 3322 926 3386 Priscianum
949 3325 1079 3408 legitur,
1108 3324 1222 3407 efficit,

97 3430 161 3492 hoc
185 3450 288 3512 genus
314 3429 441 3491 saeculo
469 3427 580 3507 quinto
606 3426 768 3506 antiquius
803 3427 988 3491 habendum
1013 3427 1128 3510 esse³).

146 3533 292 3595 Tertium
332 3553 446 3616 genus,
469 3553 532 3612 quo
560 3531 835 3615 ,laevigahantun
862 3534 1112 3615 exornabantur,
1136 3555 1219 3615 quac

99 3640 152 3701 vel
194 3639 307 3702 vitium
343 3643 510 3700 traxerant
547 3637 597 3698 vel
633 3637 733 3716 aliqui
770 3637 983 3721 displicebant
1021 3638 1222 3720 eruditulis”,

99 3749 179 3822 ,aut
209 3743 312 3805 multa
339 3764 356 3804 a
380 3743 489 3804 multis
515 3750 599 3826 arpotis,
628 3743 736 3825 inepte
764 3743 1073 3826 amplificabantur,⁷’
1104 3745 1222 3807 coloro

94 3849 228 3910 saeculo
263 3848 354 3932 ponit
391 3869 474 3927 ,quo
502 3847 691 3909 Mkkehardi
719 3844 921 3910 Waltharius
946 3848 1093 3912 edolatus
1118 3849 1222 3931 est’'⁴)

93 3953 228 4016 saeculo
253 3951 351 4036 igitur
375 3973 459 4014 nono
487 3952 665 4015 decimovc.

96 4149 247 4158 μ’..
