2956 4958
633 418 673 479 33

78 597 305 690 exspectavit,
338 605 436 686 poeta
471 598 540 687 ipse
565 601 752 664 facultatem
776 596 897 681 ingenii
920 588 1078 683 paulatim
1102 599 1212 664 decro-

81 729 183 779 soere
207 706 305 769 sentit
328 711 361 768 et
384 704 471 768 vitiis
493 711 530 768 ut
553 705 738 788 ignoscatur
762 707 871 786 rogat;
895 723 970 766 narn

133 835 177 878 ex
211 810 249 873 P.
273 809 333 890 IV,
358 812 389 890 2,
416 811 457 871 25
482 830 527 893 sq.
575 821 577 825 ’

203 916 370 1001 ,Impetus
394 915 448 977 ille
473 935 572 997 sacer,
597 914 652 999 qui
675 918 787 977 vatum
810 919 942 997 pectora
962 914 1080 996 nutrit,

268 1021 323 1102 qui
346 1019 436 1104 prius
459 1020 493 1082 in
516 1020 609 1083 nobis
633 1039 703 1082 csse
727 1018 862 1100 solebat,
886 1017 1008 1082 abest.''

132 1125 303 1202 Quomodo
339 1129 449 1187 autem
485 1123 568 1188 hano
604 1145 671 1187 rem
699 1130 796 1208 poeta
819 1123 888 1208 ipse
914 1122 1061 1187 Cornelio
1086 1123 1211 1188 Severo

77 1235 193 1299 amico
219 1230 384 1317 explicat?

131 1339 177 1402 lb·
203 1339 417 1520 2iPsaii⁷aque
442 1458 482 1500 ne
507 1437 614 1501 dicam
638 1436 798 1500 scribendi
822 1436 911 1499 nulla
934 1437 1082 1521 voluptas

269 1552 317 1608 est
341 1542 431 1624 mihi,
456 1564 516 1607 nec
539 1543 684 1606 numeris
708 1549 838 1606 nectere
862 1541 960 1604 verba
983 1541 1082 1606 iuvat.

226 1650 293 1712 sive
318 1647 405 1732 quod
428 1648 502 1711 hinc
526 1648 650 1711 fructus
674 1647 756 1712 adeo
782 1668 850 1710 non
874 1647 1017 1732 cepimus
1041 1648 1133 1730 ullos,

270 1753 465 1838 principium
488 1753 589 1816 nostri
616 1774 665 1816 res
689 1753 730 1816 sit
752 1760 789 1816 ut
812 1751 873 1815 ista
893 1752 985 1814 mali:

229 1859 296 1921 sive
320 1856 407 1941 quod
431 1857 465 1919 in
490 1857 631 1921 tenebris
655 1878 841 1920 numerosos
864 1877 986 1942 ponere
1009 1865 1131 1942 gestus,

272 1962 422 2046 quodque
445 1962 536 2045 legas
559 1961 650 2043 nulli,
675 1961 813 2024 scribere
838 1982 976 2043 carmen,
1000 1961 1087 2025 idem
1112 1970 1169 2028 est.

226 2067 357 2130 Excitat
380 2065 507 2129 auditor
530 2065 684 2147 studium,
708 2065 903 2150 laudataque
926 2067 1027 2131 virtus

272 2172 385 2235 crescit
404 2177 437 2234 et
460 2170 655 2233 immensum
678 2171 781 2253 gloria
805 2172 908 2233 calcar
932 2171 1062 2235 habet.”

130 2278 192 2358 At,
229 2277 366 2362 quaeris,
402 2297 457 2338 cur
492 2275 624 2338 tandem
654 2275 795 2338 carmina
829 2277 954 2364 scripsit
977 2277 1032 2341 illo
1056 2285 1213 2364 ternpore,

78 2407 123 2449 eo
153 2385 237 2464 loco,
260 2382 316 2446 ubi
340 2401 436 2444 nemo
461 2379 707 2443 eumaudivit?

131 2489 178 2552 ib.
206 2489 248 2550 39
275 2508 341 2571 sqq.

229 2589 314 2670 ,Sed
337 2588 415 2673 quid
438 2588 524 2650 solus
548 2608 654 2672 agarn,
679 2609 806 2672 quaque
819 2587 960 2651 infelicia
972 2589 1106 2673 perdam

271 2694 336 2757 otia
360 2693 496 2755 materia
519 2693 754 2777 surripiamque
778 2692 891 2755 diem?
1210 2681 1211 2688 ¹

225 2798 311 2862 Nam
334 2797 410 2882 quia
433 2816 493 2860 nec
516 2797 627 2859 vinum
651 2818 711 2860 nec
734 2818 786 2860 mo
810 2804 900 2860 tenet
924 2799 995 2861 alea
1019 2799 1130 2881 fallax,

271 2923 329 2990 per
351 2922 434 2985 quae
458 2901 541 2964 clam
564 2901 698 2964 tacitum
722 2909 850 2988 tempus
870 2903 959 2966 abire
983 2905 1075 2986 solet,

226 3027 286 3072 nec
309 3028 361 3070 me
387 3045 425 3053 -
452 3004 538 3090 quod
562 3026 724 3091 cuperem,
748 3007 775 3070 si
795 3028 854 3092 per
867 3006 934 3070 fera
948 3007 1032 3071 bella
1046 3009 1158 3072 liceret
1173 3048 1210 3056 —

272 3112 412 3176 oblectat
435 3111 524 3174 cultu
547 3117 634 3174 terra
658 3119 776 3175 novata
800 3134 868 3191 suo,

225 3215 304 3300 quid
326 3215 387 3279 nisi
410 3214 568 3296 Pierides,
592 3216 710 3278 solacia
734 3216 861 3300 frigida,
886 3223 1019 3298 restant,

269 3342 335 3384 non
359 3321 441 3384 bene
466 3321 506 3383 de
529 3320 622 3384 nobis
653 3342 735 3405 quae
771 3342 917 3384 meruere
954 3321 1080 3386 deae?'’

127 3426 186 3491 Ex
206 3422 257 3491 his
272 3431 382 3488 autern
394 3425 600 3510 perspicuum
613 3432 672 3506 cst,
686 3432 885 3511 quantopere
901 3424 1037 3490 Ovidius
1053 3432 1216 3512 postrema

79 3538 210 3612 aetate,
244 3551 307 3614 qua
341 3528 421 3592 haec
456 3529 574 3613 scripta
605 3538 690 3611 sunt,
724 3530 764 3593 ab
789 3531 843 3594 illo
867 3520 1010 3617 priorum
1033 3540 1214 3616 temporum

78 3643 198 3726 poeta,
223 3654 319 3721 quern
342 3633 472 3718 spiritus
496 3646 631 3718 magnus
654 3641 688 3698 'et
710 3636 833 3720 gloriae
857 3635 1000 3699 studium
1022 3637 1214 3718 excitarent,

78 3738 349 3828 degeneraverit.
382 3737 447 3801 Sed
469 3739 533 3801 iarn
557 3745 653 3802 antea
677 3761 803 3824 quoque
827 3741 939 3824 amico,
965 3743 1019 3826 qui
1046 3742 1216 3828 scripserat

79 3857 119 3913 ut
158 3844 268 3910 studio
302 3863 438 3931 poeseos
464 3849 591 3929 tempus
614 3845 811 3909 lacrimabile
835 3846 1023 3928 oblectaret,
1048 3846 1214 3930 respondit

79 3953 115 4018 id
143 3949 284 4015 difficile
308 3967 389 4029 esse,
415 3948 489 4031 quia
513 3949 596 4012 mala
629 3949 797 4033 ingenium
820 3950 1025 4014 contuderint
1053 3951 1212 4035 vigorem-

78 4079 148 4145 que
184 4052 357 4135 antiquum
380 4053 580 4134 abstulerint,
601 4052 919 4139 Trist.v,12,37sqq.:

238 4157 399 4242 ,denique
423 4178 489 4220 non
514 4178 629 4243 parvas
645 4159 752 4221 animo
765 4158 821 4222 dat
835 4159 939 4242 gloria
948 4158 1033 4223 vires

272 4268 304 4325 et
327 4261 465 4326 fecunda
488 4262 564 4325 facit
588 4270 719 4349 pectora
741 4263 845 4327 laudis
869 4285 967 4327 amor.

223 4367 374 4434 Nominis
398 4372 430 4430 et
454 4367 558 4430 famae
583 4368 744 4451 quondam
767 4369 892 4452 tulgore
916 4369 1079 4452 trahebar,

282 4471 359 4540 dum
381 4471 455 4534 tulit
480 4477 647 4535 antemnas
671 4493 749 4536 aura
773 4472 920 4536 secunda
943 4494 1042 4537 meas.

1163 4600 1181 4656 8
