2956 4958
646 441 682 503 17

284 625 329 688 Ut
352 624 431 688 vidit
450 625 610 704 iuvenem,
638 624 744 708 specie
768 624 947 708 praesentis
972 623 1083 686 inarsit

282 731 324 792 Et
348 751 423 792 casu
447 728 540 791 solito
564 729 732 792 formosior
755 728 886 791 Aesone
910 735 1005 790 natus

93 839 183 920 VII,
205 840 246 900 85
282 835 336 896 illa
360 834 430 895 luce
456 833 531 895 fuit:
556 855 665 913 posses
690 833 856 917 ignoscere
881 832 1011 895 amanti.

244 1029 248 1035 ·
283 997 353 1069 Quo
377 1002 547 1080 postquam
570 996 729 1058 Aeacides
753 997 855 1058 fessus
879 1017 1019 1077 curaque
1040 997 1155 1081 viaque

281 1100 371 1164 venit
395 1106 427 1162 et
450 1100 582 1163 intravit
606 1100 715 1185 paucis
739 1101 965 1164 comitantibus
989 1101 1113 1182 urbem,

93 1210 167 1291 ΧΙ,
194 1210 257 1271 276
300 1226 443 1289 quosque
469 1225 586 1290 greges
610 1226 771 1290 pecorum,
786 1227 867 1290 quac
883 1227 990 1269 secum
1003 1212 1148 1269 armenta
1161 1213 1224 1270 tra-

1124 1311 1224 1375 hebet

282 1413 370 1476 haud
394 1415 505 1498 procul
529 1435 546 1476 a
571 1415 670 1477 muris
694 1415 753 1478 sub
774 1436 874 1500 opaca
897 1415 981 1478 valle
1006 1417 1144 1500 reliquit.

149 1571 231 1634 Cum
267 1592 342 1653 crgo
378 1570 411 1632 in
447 1571 500 1633 illo
538 1572 700 1650 „omnium
736 1572 1001 1656 castigatissimo”
1025 1574 1170 1637 codioet
1158 1582 1224 1638 tam

92 1675 199 1740 multi
190 1696 346 1738 r·ve1sus
384 1696 492 1738 errore
527 1675 701 1739 scribarum
735 1676 842 1739 omissi
861 1676 934 1757 sint,
959 1698 1031 1741 cnm
1054 1685 1223 1762 praeterea

93 1790 173 1845 tam
205 1781 297 1843 multi
332 1800 443 1842 versus
477 1779 667 1862 exciderint,
705 1781 760 1861 qui
785 1781 887 1844 omitti
912 1803 976 1845 non
999 1766 1123 1867 possint
1146 1785 1222 1868 quin

28 1925 30 1928 >
92 1892 173 1950 tota
206 1892 277 1948 sen
280 1891 334 1947 on
336 1906 366 1947 ιι
397 1884 622 1969 pessumdetur
646 1887 697 1948 vel
721 1886 860 1948 omnist
847 1888 977 1950 otltlaur
1001 1909 1123 1970 sensus,
1148 1911 1222 1952 auc-

93 1991 218 2055 toritas
253 1991 322 2053 eius
359 1991 466 2053 va·lere
501 2011 566 2053 non
602 1990 709 2062 debet
687 1991 759 2053 tsi
784 1990 1022 2102 diiudicandum
1044 2001 1092 2056 est
1115 2000 1223 2057 utrum

93 2117 218 2160 vcrsus
241 2095 368 2179 spurius
388 2095 428 2157 sit
452 2117 493 2157 sn
515 2096 686 2178 gonuinus.

148 2199 318 2262 Interdum
360 2220 436 2261 vero
476 2199 551 2263 huic
593 2200 694 2263 codici
730 2201 864 2264 nimium
899 2202 1097 2265 auctoritatis
1128 2204 1224 2267 tribui

93 2325 168 2368 uno
195 2304 344 2387 exemplo
368 2304 504 2387 pr’obare
530 2304 635 2367 liceat.

94 2407 201 2487 VIII
205 2410 245 2470 85
271 2405 472 2492 (Scylla)..
561 2409 638 2471 ,ιιι
626 2409 682 2471 ιιι
706 2416 781 2472 nata
805 2418 973 2494 parentem

283 2513 370 2575 crine
395 2534 488 2574 snum
499 2457 639 2598 spolia,
664 2514 939 2598 praedaquer
873 2515 939 2599 poti
944 2523 976 2578 a
999 2515 1139 2596 nefanda

218 2621 257 2681 87
283 2617 346 2680 fert
370 2638 477 2680 secum
503 2618 641 2702 spolium
666 2620 777 2682 celeris
801 2641 1034 2704 progressaque
1058 2627 1151 2705 porta

282 2744 340 2808 per
368 2722 490 2785 medios
514 2722 622 2785 hostes
647 2722 766 2803 (meriti
789 2723 906 2786 fiducia
930 2731 1019 2787 tanta
1044 2727 1105 2806 est)

285 2828 435 2913 pervenit
459 2827 499 2890 ad
523 2848 643 2911 regem.

94 2933 229 2997 Versus
262 2935 301 2995 8¹(
341 2933 432 2996 deest
467 2933 500 2995 in
530 2931 702 3014 Marciaue,
727 2933 784 2996 sed
808 2956 826 2996 ι
851 2956 948 2997 manu
975 2938 993 2996 ‘2
1019 2936 1052 2997 in
1076 2936 1220 3019 margine

95 3037 284 3122 adscriptus
320 3045 377 3100 est.
415 3037 617 3121 Quapropter
652 3037 716 3100 iam
750 3038 906 3101 Heinsius
937 3059 1011 3101 eum
1044 3040 1220 3102 tollendum

95 3142 239 3206 censuit.
277 3140 443 3204 Laudatur
475 3147 584 3204 tamen
608 3163 626 3204 a
649 3139 824 3223 Prisciano,
849 3145 967 3206 saeculi
993 3145 1096 3228 quinti
1114 3166 1220 3227 gram·

94 3247 232 3326 matico,
268 3245 308 3308 ad
344 3246 628 3309 demonstrandum
668 3247 861 3310 adiectivum
897 3249 1001 3330 ‘celer'
1032 3249 1222 3312 femininum

95 3353 212 3415 facere
248 3351 391 3432 ‘celeris'
427 3349 491 3412 Hic
525 3351 622 3433 igitur
656 3352 743 3415 haud
774 3352 871 3416 dubie
907 3354 992 3417 huno
1023 3375 1151 3416 versum
1189 3355 1221 3416 in

96 3456 238 3520 Metam.
276 3454 365 3518 libris
398 3455 488 3539 legit.
527 3455 590 3518 Sed
614 3477 741 3520 versum
762 3458 857 3521 istum
878 3479 974 3539 quom
998 3458 1091 3520 facile
1115 3458 1221 3542 aliquo

98 3573 214 3626 errore
248 3562 398 3643 excidere
432 3562 574 3646 potuisse
605 3569 750 3646 apparet,
774 3563 979 3625 nihilominus
1003 3563 1221 3627 damnandum

99 3687 177 3731 esse
201 3674 326 3729 constat
345 3666 432 3750 apud
457 3666 576 3730 doctos.
600 3665 728 3729 Merkel
748 3667 833 3730 eninr
845 3668 877 3730 in
889 3669 990 3752 praef.
1004 3690 1057 3752 pg.
1072 3670 1112 3730 25
1129 3667 1221 3730 dicit:

101 3791 233 3853 „neque
271 3771 388 3834 codicis
424 3778 496 3833 nos
499 3793 523 3832 ιι
557 3773 729 3835 auctoritas
759 3773 827 3835 sola
853 3793 927 3835 eum
950 3773 1221 3857 damnatusque

96 3876 260 3940 Prisciani
284 3874 437 3938 tuebit’
376 3883 458 3938 tur
441 3875 574 3947 'Quae
599 3897 674 3939 vero
700 3877 762 3939 alia
786 3883 859 3939 auct
862 3877 922 3938 orit
924 3898 958 3939 as
985 3898 1059 3940 oum
1081 3877 1220 3957 damnet,

97 4002 143 4045 ne
169 4002 234 4043 uno
258 3981 389 4062 quidem
413 3981 511 4044 verbo
536 3981 622 4044 dicit.
642 3981 798 4044 Attamen
817 3989 909 4066 opor
898 3982 995 4045 tteba
1011 3982 1221 4045 NamMarci·

97 4107 185 4150 anus
222 4086 307 4148 solus
343 4106 417 4148 eum
452 4085 604 4148 damnare
640 4086 728 4148 nullo
753 4085 847 4149 modo
872 4093 988 4170 potest.
1012 4087 1222 4170 Argumentis

96 4191 203 4276 igitur
238 4211 318 4275 opus
354 4196 433 4253 erat.
469 4189 558 4262 Quae
584 4190 670 4253 enim
694 4191 733 4253 ab
758 4191 828 4253 aliis
854 4198 963 4255 contra
986 4192 1073 4253 hunc
1094 4213 1220 4254 vorsum

97 4295 294 4374 afferuntur,
319 4295 436 4358 iustam
466 4317 595 4358 causam
619 4294 793 4358 damnandi
813 4317 878 4358 non
890 4297 1056 4380 praebent,
1070 4296 1222 4379 quemad-

96 4398 237 4464 modum
272 4407 385 4483 postea
422 4381 611 4462 videbimus
649 4399 860 4483 Argumentis
892 4401 944 4463 hic
967 4400 1123 4484 imprimis
1143 4421 1222 4484 opus

97 4509 181 4572 erat.
217 4503 302 4566 Nam
335 4505 388 4568 hio
424 4505 537 4569 unicus
568 4506 657 4568 locus
691 4513 750 4587 cst,
774 4526 837 4587 quo
862 4503 918 4566 illa
939 4500 1096 4565 Illerlrelii
1117 4502 1229 4583 op'niio

1192 4624 1221 4676 ‘li
