2956 4958
182 1147 313 1230 Ovidius,
340 1147 473 1214 Metam.
498 1150 559 1232 IX,
586 1154 648 1214 729
673 1172 750 1235 sqq:

619 1287 654 1351 Si
678 1288 710 1349 di
735 1288 814 1350 mihi
838 1309 970 1374 parcere
994 1292 1125 1363 vellent,

299 1416 431 1482 parcere
456 1394 646 1473 debuerant,
670 1393 696 1455 si
720 1413 784 1454 non
809 1399 841 1455 et
865 1393 1001 1478 perdere
1026 1398 1156 1480 vellent,

298 1501 444 1565 naturale
468 1499 589 1562 malum
614 1498 729 1560 saltem
754 1497 850 1560 etde
876 1519 964 1561 more
989 1499 1163 1568 dedissent.

179 1635 225 1699 Vs.
249 1641 311 1701 730
335 1657 440 1721 nequo
466 1634 629 1698 eiciendus
653 1654 759 1714 neque
784 1634 958 1698 mutandus
982 1644 1040 1700 est.

707 1828 751 1890 II.

174 1975 309 2058 Ovidius,
333 1976 466 2040 Metam.
493 1974 555 2056 XI,
580 1977 621 2037 56
646 1994 732 2058 sqq.:

295 2112 357 2176 His
381 2112 468 2175 ierus
492 2110 677 2196 expositum
700 2111 880 2195 peregrinis
904 2111 1018 2194 anguis
1041 2112 1170 2178 harenis

209 2222 246 2282 57
296 2240 331 2282 os
354 2218 438 2302 petit
462 2224 494 2279 et
517 2236 644 2300 sparsos
669 2215 802 2277 stillanti
826 2235 897 2278 rore
922 2217 1054 2302 capillos

294 2321 408 2386 lambit
431 2329 464 2384 et
485 2319 684 2406 hymniieros
706 2320 809 2383 inhiat
832 2319 986 2384 divellere
1010 2323 1127 2388 vultus.
1313 2393 1315 2397 ,

208 2430 247 2492 58
295 2426 441 2490 Tandem
464 2426 618 2489 Phoebus
642 2425 734 2487 adest
756 2446 944 2510 morsusque
968 2427 1087 2491 inferre
1111 2438 1282 2515 parantem

294 2544 381 2594 arcet
406 2540 438 2594 et
462 2532 496 2593 in
520 2530 662 2615 lapidem
686 2530 783 2591 rictus
808 2532 966 2615 serpentis
993 2539 1122 2616 apertos

295 2638 445 2721 congelat
469 2641 501 2699 et
524 2636 663 2720 patulos,
688 2646 723 2696 ut
747 2639 849 2714 erant,
874 2633 1004 2697 indurat
1027 2635 1144 2701 hiatus.

205 2771 327 2837 Versus
350 2774 538 2858 lambit...
554 2770 702 2853 ‚vulus’‚
728 2771 781 2855 qui
805 2777 878 2856 post
900 2773 940 2833 57
957 2792 1129 2858 perperam
1142 2775 1198 2840 diu
1212 2784 1281 2841 erat

157 2879 313 2961 seclusus,
337 2879 422 2943 inter
445 2878 621 2943 Ouidianos
646 2884 694 2939 est
718 2877 947 2944 restituendus.

688 3088 750 3151 III.

159 3225 307 3307 Ovidius,
331 3224 463 3288 Metam.
490 3224 584 3306 VIII,
616 3228 676 3287 651
705 3247 791 3309 sqq.:

294 3367 424 3429 Interea
449 3366 570 3429 medias
595 3367 711 3429 fallunt
735 3366 935 3429 sermonibus
962 3366 1056 3429 horas

295 3471 470 3552 sentirique
497 3492 618 3534 moram
643 3471 825 3556 prohibent.
850 3470 928 3533 Erat
953 3473 1063 3534 alveus
1087 3474 1153 3537 illic

292 3576 451 3661 fagineus,
475 3577 555 3636 (lura
578 3577 667 3639 clavo
692 3595 866 3660 suspensus
890 3576 930 3638 ab
957 3577 996 3639 ab
1021 3598 1117 3641 ansa:

292 3682 318 3743 is
342 3680 460 3766 topidis
484 3682 637 3766 impletur
661 3681 751 3765 aquis
775 3687 926 3764 artusque
951 3682 1106 3746 fovendos

293 3786 417 3875 accipit.
441 3786 481 3846 Iu
508 3787 605 3846 medio
631 3796 713 3846 torus
737 3797 778 3845 est
802 3785 842 3848 de
865 3787 1015 3849 mollibus
1033 3787 1117 3850 ulvis
1167 3810 1233 3874 sqq.

202 3927 242 3990 N.
278 3927 433 3991 Heinsius
465 3950 530 3991 non
550 3928 735 3991 emendavit
757 3929 863 3991 locum
888 3929 1055 3992 scribendo
1078 3930 1194 4011 ‘curva'
1219 3954 1276 4016 pro

157 4032 257 4114 ‘dura'
283 4040 314 4095 et
339 4033 429 4114 ‘Inde
458 4044 563 4096 torum
587 4032 744 4096 sternunt'
769 4055 826 4117 pro
852 4033 899 4114 ι111
925 4033 1030 4096 medio
1055 4041 1144 4097 torus
1168 4035 1226 4098 est’

686 4218 744 4282 IV.

203 4357 354 4419 Ovidium
389 4355 492 4441 primo
529 4358 667 4440 quinque
703 4356 821 4419 deinde
858 4363 922 4418 tres
957 4356 1082 4418 libellos
1115 4353 1274 4418 Amorum

153 4461 297 4526 edidisse
323 4462 495 4524 verisimile
520 4469 665 4524 nonest.
