3224 5130
731 479 795 555 '93

214 701 273 765 per
305 698 340 741 se
370 698 436 740 non
468 677 553 741 mala
588 684 650 761 cst3
681 678 739 742 sed
769 683 802 741 et
824 698 923 740 unam
947 683 981 740 et
1004 678 1139 742 alteram
1163 678 1281 745 eodem
1304 684 1338 748 in

213 784 398 848 discrimine
431 804 449 846 a
473 782 613 868 Daphne
637 782 754 847 dictam
779 802 859 864 esse,
883 788 999 867 poetae
1023 804 1089 847 non
1111 784 1338 871 imputandum

214 895 273 953 est.
295 888 339 952 Et
350 888 376 950 si
389 893 486 972 poeta
499 893 555 951 aut
565 888 703 974 primam
719 893 775 950 aut
788 886 923 951 alteram
936 885 1124 972 scripsisset,
1138 910 1234 954 nemo
1248 899 1335 957 certe

212 996 363 1058 lacunam
386 991 519 1056 vidisset
543 999 575 1056 et
598 993 750 1078 supplere
774 998 906 1054 conatus
930 993 1024 1055 esset.
1048 993 1139 1057 Nihil
1157 1004 1258 1061 restat
1276 999 1338 1062 nisi

212 1099 284 1180 hoc,
310 1096 396 1183 quod
419 1096 553 1161 Ovidius
576 1099 716 1183 primum
741 1096 826 1182 quod
845 1097 1015 1182 scripserat
1027 1105 1140 1182 postea
1153 1102 1338 1168 emendarit

213 1211 246 1268 et
279 1205 416 1268 alterum
447 1203 600 1289 reposuit.
630 1201 814 1266 Marcianus
837 1201 922 1265 viam
947 1204 1154 1277 monstrabit3
1178 1207 1205 1270 is
1229 1206 1338 1272 dedit:

257 1331 323 1392 544
348 1327 433 1390 ricta
458 1326 569 1390 labore
595 1326 692 1411 fugae
716 1327 812 1396 tellus
838 1326 883 1389 ait
907 1324 995 1389 hisco
1018 1327 1072 1391 vel
1095 1328 1190 1393 istam

347 1454 410 1517 qua
435 1433 571 1495 nimium
594 1432 700 1517 placui
726 1429 881 1495 mutando
907 1430 1008 1516 perde
1032 1431 1180 1517 figuram.

212 1557 278 1621 Sed
301 1557 403 1621 altero
429 1578 474 1619 vs.
500 1558 564 1619 544
588 1554 790 1619 hemistichio
815 1556 1067 1641 superscriptum
1091 1563 1157 1621 est:

825 1685 974 1762 spectans
999 1679 1161 1746 Peneidos
1184 1683 1288 1748 undas

213 1774 246 1833 et
272 1769 307 1832 in
330 1769 494 1852 margine:

346 1892 395 1954 fer
419 1897 512 1976 pater
535 1892 639 1976 inquit
662 1911 768 1976 opem,
792 1891 819 1952 si
842 1891 976 1955 flumina
999 1913 1121 1956 numen
1145 1893 1272 1960 habetis

347 2016 430 2080 quae
453 1996 529 2060 facit
554 2002 590 2059 ut
612 1996 724 2059 laedar
738 1994 893 2059 mutando
916 1996 1017 2082 perde
1041 1998 1189 2083 figuram.

211 2121 265 2183 Ex
299 2120 349 2183 his
384 2121 532 2184 omnibus
569 2119 743 2184 admodum
778 2119 932 2184 credibile
962 2128 1051 2206 puto,
1076 2131 1207 2208 poetam
1228 2125 1332 2211 primo

212 2224 340 2289 dedisse
367 2247 415 2307 ea,
441 2226 580 2311 quaein
601 2225 765 2289 Marciano
791 2226 909 2310 scripta
933 2235 1018 2310 sunt,
1043 2229 1101 2292 sed
1124 2236 1247 2315 postea,
1261 2252 1334 2295 cum

213 2329 444 2394 emendaturus
486 2351 566 2415 opus
600 2352 693 2394 suum
731 2337 986 2415 recognosceret,
1023 2332 1189 2402 Tellurem
1225 2335 1279 2399 hic
1315 2358 1334 2400 a

211 2435 357 2500 Peneide
383 2436 524 2499 invocari
547 2436 653 2498 minus
677 2444 788 2522 aptum
811 2442 928 2510 ratum,
953 2438 1090 2502 alterum
1117 2441 1334 2526 supposuisse.

211 2681 261 2745 IV
275 2684 354 2745 lssbs
400 2732 407 2746 .

256 2731 296 2852 ln
317 2705 455 2852 Peiieos
478 2795 511 2852 et
532 2787 763 2852 Andromedae
784 2791 968 2875 nuptiarum
983 2792 1139 2856 honorem
1152 2795 1333 2858 convivium

213 2894 402 2958 celebratur.
960 2905 965 2918 '

235 3037 297 3100 764
343 3036 519 3121 Postquam
543 3036 647 3120 epulis
671 3036 781 3099 functi.
794 3038 943 3120 generosi
966 3060 1099 3103 munere
1123 3040 1242 3104 Bacchi

236 3144 298 3205 765
344 3141 503 3205 diffudere
527 3141 662 3223 animos,
686 3142 853 3227 cultusque
876 3164 1044 3229 genusque
1067 3146 1211 3209 locorum

344 3247 470 3331 quaerit
492 3245 709 3311 Abantiades:
735 3248 900 3332 quaerenti
925 3249 1070 3333 protinus
1093 3271 1176 3313 unus

343 3357 462 3432 narrat,
485 3351 656 3436 Lyncides,
680 3373 848 3436 moresque
871 3352 1080 3436 habitumque
1103 3354 1253 3417 virorum.

345 3455 434 3527 Quae
459 3456 552 3518 simul
577 3456 703 3519 edocuit
729 3456 854 3538 ,Nune
878 3479 896 3520 o
920 3457 1112 3521 fortissime''
1137 3459 1229 3539 dixit,

343 3560 411 3622 fare
435 3580 556 3644 precor,
579 3560 712 3643 Perseu,
736 3567 856 3645 quanta
879 3563 998 3625 virtute
1023 3564 1201 3648 quibusque

234 3665 297 3727 770
344 3665 465 3727 artibus
489 3664 657 3727 abstuleris
682 3665 795 3728 crinita
818 3666 1009 3730 draconibus
1033 3666 1119 3730 ora.”

209 3821 331 3886 Locum
367 3822 452 3905 dedi,
488 3824 590 3908 qualis
626 3825 701 3887 olim
726 3825 892 3908 edebatur,
916 3827 978 3889 nisi
1003 3826 1087 3910 quod
1110 3829 1244 3895 valtib
1270 3849 1328 3912 pro

209 3947 385 4011 ,genusque
408 3927 559 3991 locorum’
583 3928 772 4014 plerumque
797 3937 865 3994 erat
888 3930 1092 4016 ghabitusque
1116 3929 1148 3995 Ι]
1173 3930 1237 3994 Sed
1264 3952 1330 4016 ,ge-

209 4051 331 4115 nusque
355 4031 508 4094 locorum’
531 4033 566 4095 in
589 4032 750 4097 codicibus
775 4043 832 4098 cst.

253 4135 346 4198 Haec
383 4137 447 4199 iam
481 4137 617 4221 pridem,
649 4159 709 4201 ncc
740 4141 866 4220 mirum,
890 4138 1126 4203 dubitationem
1149 4146 1328 4204 moverunt.

208 4238 247 4300 In
271 4239 381 4324 primis
406 4240 602 4322 offendebat,
628 4242 713 4327 quod
735 4242 937 4307 Abantiades
962 4244 1087 4328 quaerit
1110 4245 1232 4307 cultum
1244 4245 1328 4308 loco·

209 4365 288 4425 rum,
313 4344 473 4430 Lyncides
497 4347 694 4430 respondens
717 4350 814 4434 plano
838 4349 934 4412 aliam
953 4370 1032 4431 rom,
1052 4369 1157 4411 mores
1176 4349 1327 4430 virorum,

209 4457 326 4514 narrat.
374 4451 480 4524 Quare
515 4452 606 4515 multi
641 4474 686 4516 vs.
724 4456 786 4516 766
822 4454 965 4538 spurium
1004 4459 1196 4518 censuerunt
1231 4459 1327 4537 atque

209 4557 383 4622 eiecerunt.
408 4558 471 4634 Qui
494 4559 737 4622 istum'versum
755 4559 900 4646 proicere
919 4560 1085 4641 nolebant,
1103 4559 1171 4622 sive
1190 4564 1327 4644 utroquo
