<?xml version="1.0" encoding="UTF-8"?>
<!DOCTYPE html PUBLIC "-//W3C//DTD XHTML 1.0 Transitional//EN"
    "http://www.w3.org/TR/xhtml1/DTD/xhtml1-transitional.dtd">
<html xmlns="http://www.w3.org/1999/xhtml" xml:lang="en" lang="en">
 <head>
  <title>
</title>
<meta http-equiv="Content-Type" content="text/html;charset=utf-8" />
  <meta name='ocr-system' content='tesseract 3.04.00' />
  <meta name='ocr-capabilities' content='ocr_page ocr_carea ocr_par ocr_line ocrx_word'/>
</head>
<body>
  <div class='ocr_page' id='page_1' title='image "./deovidiimetamor00kramgoog_0083.png"; bbox 0 0 3224 5130; ppageno 0'>
   <div class='ocr_carea' id='block_1_1' title="bbox 878 503 919 563">
    <p class='ocr_par' dir='ltr' id='par_1_1' title="bbox 878 503 919 563">
     <span class='ocr_line' id='line_1_1' title="bbox 878 503 919 563; baseline -0.024 0"><span class='ocrx_word' id='word_1_1' title='bbox 878 503 919 563; x_wconf 82' lang='lat'>70</span> 
     </span>
    </p>
   </div>
   <div class='ocr_carea' id='block_1_2' title="bbox 334 684 1454 1092">
    <p class='ocr_par' dir='ltr' id='par_1_2' title="bbox 334 684 1454 1092">
     <span class='ocr_line' id='line_1_2' title="bbox 334 684 1454 765; baseline -0.011 -7"><span class='ocrx_word' id='word_1_2' title='bbox 334 691 425 758; x_wconf 82' lang='lat' dir='ltr'>blicis</span> <span class='ocrx_word' id='word_1_3' title='bbox 457 696 580 753; x_wconf 86' lang='lat' dir='ltr'>remota</span> <span class='ocrx_word' id='word_1_4' title='bbox 610 709 689 752; x_wconf 91' lang='lat' dir='ltr'>esse.</span> <span class='ocrx_word' id='word_1_5' title='bbox 714 686 838 751; x_wconf 87' lang='lat' dir='ltr'>Verum</span> <span class='ocrx_word' id='word_1_6' title='bbox 863 687 959 751; x_wconf 91' lang='lat' dir='ltr'>etiam</span> <span class='ocrx_word' id='word_1_7' title='bbox 984 687 1123 750; x_wconf 91' lang='lat' dir='ltr'>amicum</span> <span class='ocrx_word' id='word_1_8' title='bbox 1147 706 1251 765; x_wconf 90' lang='lat' dir='ltr'>suum,</span> <span class='ocrx_word' id='word_1_9' title='bbox 1279 684 1454 764; x_wconf 85' lang='lat' dir='ltr'>,cultorem</span> 
     </span>
     <span class='ocr_line' id='line_1_3' title="bbox 336 790 1450 874; baseline -0.006 -13"><span class='ocrx_word' id='word_1_10' title='bbox 336 803 368 861; x_wconf 91' lang='lat' dir='ltr'>et</span> <span class='ocrx_word' id='word_1_11' title='bbox 405 795 581 859; x_wconf 73' lang='lat' dir='ltr'>antistitem</span> <span class='ocrx_word' id='word_1_12' title='bbox 617 793 783 856; x_wconf 91' lang='lat' dir='ltr'>doctorum</span> <span class='ocrx_word' id='word_1_13' title='bbox 817 791 978 855; x_wconf 83' lang='lat' dir='ltr'>virorum&#39;&#39;</span> <span class='ocrx_word' id='word_1_14' title='bbox 1014 792 1154 855; x_wconf 88' lang='lat' dir='ltr'>earmina</span> <span class='ocrx_word' id='word_1_15' title='bbox 1190 811 1247 854; x_wconf 90' lang='lat' dir='ltr'>sua</span> <span class='ocrx_word' id='word_1_16' title='bbox 1271 790 1450 874; x_wconf 85' lang='lat' dir='ltr'>colligendo</span> 
     </span>
     <span class='ocr_line' id='line_1_4' title="bbox 334 894 1451 981; baseline -0.006 -16"><span class='ocrx_word' id='word_1_17' title='bbox 334 924 375 966; x_wconf 93' lang='lat' dir='ltr'>ne</span> <span class='ocrx_word' id='word_1_18' title='bbox 410 907 496 964; x_wconf 90' lang='lat' dir='ltr'>totus</span> <span class='ocrx_word' id='word_1_19' title='bbox 534 900 573 962; x_wconf 90' lang='lat' dir='ltr'>ab</span> <span class='ocrx_word' id='word_1_20' title='bbox 609 899 688 962; x_wconf 90' lang='lat' dir='ltr'>urbe</span> <span class='ocrx_word' id='word_1_21' title='bbox 724 899 852 961; x_wconf 90' lang='lat' dir='ltr'>abesset</span> <span class='ocrx_word' id='word_1_22' title='bbox 885 918 998 960; x_wconf 90' lang='lat' dir='ltr'>cavere</span> <span class='ocrx_word' id='word_1_23' title='bbox 1032 897 1191 981; x_wconf 85' lang='lat' dir='ltr'>cognovit.</span> <span class='ocrx_word' id='word_1_24' title='bbox 1219 894 1320 958; x_wconf 81' lang='lat' dir='ltr'>Grato</span> <span class='ocrx_word' id='word_1_25' title='bbox 1345 897 1451 959; x_wconf 90' lang='lat' dir='ltr'>animo</span> 
     </span>
     <span class='ocr_line' id='line_1_5' title="bbox 334 1000 1454 1092; baseline -0.007 -21"><span class='ocrx_word' id='word_1_26' title='bbox 334 1008 433 1092; x_wconf 85' lang='lat' dir='ltr'>igitur</span> <span class='ocrx_word' id='word_1_27' title='bbox 468 1006 609 1068; x_wconf 88' lang='lat' dir='ltr'>carmina</span> <span class='ocrx_word' id='word_1_28' title='bbox 643 1025 700 1066; x_wconf 92' lang='lat' dir='ltr'>sua</span> <span class='ocrx_word' id='word_1_29' title='bbox 723 1004 768 1065; x_wconf 93' lang='lat' dir='ltr'>illi</span> <span class='ocrx_word' id='word_1_30' title='bbox 794 1002 998 1065; x_wconf 72' lang='lat' dir='ltr'><strong>commendat</strong></span> <span class='ocrx_word' id='word_1_31' title='bbox 1021 1003 1054 1064; x_wconf 93' lang='lat' dir='ltr'>in</span> <span class='ocrx_word' id='word_1_32' title='bbox 1079 1002 1192 1087; x_wconf 86' lang='lat' dir='ltr'>primis</span> <span class='ocrx_word' id='word_1_33' title='bbox 1213 1000 1454 1086; x_wconf 89' lang='lat' dir='ltr'>Metamorpho-</span> 
     </span>
    </p>
   </div>
   <div class='ocr_carea' id='block_1_3' title="bbox 334 1108 925 1194">
    <p class='ocr_par' dir='ltr' id='par_1_3' title="bbox 334 1108 925 1194">
     <span class='ocr_line' id='line_1_6' title="bbox 334 1108 925 1194; baseline 0.03 -18"><span class='ocrx_word' id='word_1_34' title='bbox 334 1134 400 1176; x_wconf 88' lang='lat' dir='ltr'>ses:</span> <span class='ocrx_word' id='word_1_35' title='bbox 447 1108 871 1192; x_wconf 77' lang='lat' dir='ltr'>Trist.1H,14,19sqq·</span> <span class='ocrx_word' id='word_1_36' title='bbox 923 1191 925 1194; x_wconf 84' lang='lat'>.</span> 
     </span>
    </p>
   </div>
   <div class='ocr_carea' id='block_1_4' title="bbox 466 1278 1453 1891">
    <p class='ocr_par' dir='ltr' id='par_1_4' title="bbox 466 1278 1453 1468">
     <span class='ocr_line' id='line_1_7' title="bbox 466 1278 1453 1365; baseline -0.005 -20"><span class='ocrx_word' id='word_1_37' title='bbox 466 1281 558 1364; x_wconf 68' lang='lat' dir='ltr'>,Sunt</span> <span class='ocrx_word' id='word_1_38' title='bbox 580 1302 707 1365; x_wconf 92' lang='lat' dir='ltr'>quoque</span> <span class='ocrx_word' id='word_1_39' title='bbox 731 1287 885 1361; x_wconf 87' lang='lat' dir='ltr'>mutatae,</span> <span class='ocrx_word' id='word_1_40' title='bbox 910 1287 959 1342; x_wconf 90' lang='lat' dir='ltr'>ter</span> <span class='ocrx_word' id='word_1_41' title='bbox 973 1280 1113 1364; x_wconf 87' lang='lat' dir='ltr'>quinque</span> <span class='ocrx_word' id='word_1_42' title='bbox 1127 1279 1303 1359; x_wconf 85' lang='lat' dir='ltr'>volumina,</span> <span class='ocrx_word' id='word_1_43' title='bbox 1318 1278 1453 1359; x_wconf 89' lang='lat' dir='ltr'>formae,</span> 
     </span>
     <span class='ocr_line' id='line_1_8' title="bbox 511 1384 1206 1468; baseline -0.003 -20"><span class='ocrx_word' id='word_1_44' title='bbox 511 1386 652 1450; x_wconf 91' lang='lat' dir='ltr'>carmina</span> <span class='ocrx_word' id='word_1_45' title='bbox 676 1385 717 1448; x_wconf 91' lang='lat' dir='ltr'>de</span> <span class='ocrx_word' id='word_1_46' title='bbox 740 1385 861 1448; x_wconf 91' lang='lat' dir='ltr'>domini</span> <span class='ocrx_word' id='word_1_47' title='bbox 885 1385 998 1447; x_wconf 88' lang='lat' dir='ltr'>funere</span> <span class='ocrx_word' id='word_1_48' title='bbox 1030 1391 1122 1468; x_wconf 88' lang='lat' dir='ltr'>rapta</span> <span class='ocrx_word' id='word_1_49' title='bbox 1146 1384 1206 1446; x_wconf 89' lang='lat' dir='ltr'>sui.</span> 
     </span>
    </p>

    <p class='ocr_par' dir='ltr' id='par_1_5' title="bbox 467 1487 1326 1658">
     <span class='ocr_line' id='line_1_9' title="bbox 467 1487 1326 1574; baseline -0.003 -21"><span class='ocrx_word' id='word_1_50' title='bbox 467 1491 553 1554; x_wconf 91' lang='lat' dir='ltr'>Illud</span> <span class='ocrx_word' id='word_1_51' title='bbox 577 1511 657 1574; x_wconf 93' lang='lat' dir='ltr'>opus</span> <span class='ocrx_word' id='word_1_52' title='bbox 681 1489 795 1574; x_wconf 91' lang='lat' dir='ltr'>potuit,</span> <span class='ocrx_word' id='word_1_53' title='bbox 820 1490 845 1551; x_wconf 94' lang='lat' dir='ltr'>si</span> <span class='ocrx_word' id='word_1_54' title='bbox 869 1510 933 1552; x_wconf 91' lang='lat' dir='ltr'>non</span> <span class='ocrx_word' id='word_1_55' title='bbox 956 1487 1137 1574; x_wconf 81' lang='lat' dir='ltr'>prinsipes</span> <span class='ocrx_word' id='word_1_56' title='bbox 1161 1489 1326 1573; x_wconf 87' lang='lat' dir='ltr'>perissem,</span> 
     </span>
     <span class='ocr_line' id='line_1_10' title="bbox 512 1594 1233 1658; baseline -0.003 0"><span class='ocrx_word' id='word_1_57' title='bbox 512 1596 628 1658; x_wconf 90' lang='lat' dir='ltr'>certius</span> <span class='ocrx_word' id='word_1_58' title='bbox 653 1617 671 1658; x_wconf 88' lang='lat' dir='ltr'>a</span> <span class='ocrx_word' id='word_1_59' title='bbox 694 1616 817 1657; x_wconf 90' lang='lat' dir='ltr'>summa</span> <span class='ocrx_word' id='word_1_60' title='bbox 840 1615 960 1656; x_wconf 93' lang='lat' dir='ltr'>nomen</span> <span class='ocrx_word' id='word_1_61' title='bbox 982 1594 1101 1657; x_wconf 88' lang='lat' dir='ltr'>habere</span> <span class='ocrx_word' id='word_1_62' title='bbox 1126 1615 1233 1656; x_wconf 89' lang='lat' dir='ltr'>manu.</span> 
     </span>
    </p>

    <p class='ocr_par' dir='ltr' id='par_1_6' title="bbox 466 1699 1314 1891">
     <span class='ocr_line' id='line_1_11' title="bbox 466 1699 1247 1784; baseline -0.003 -21"><span class='ocrx_word' id='word_1_63' title='bbox 466 1700 561 1763; x_wconf 86' lang='lat' dir='ltr'>Nunc</span> <span class='ocrx_word' id='word_1_64' title='bbox 584 1701 795 1763; x_wconf 90' lang='lat' dir='ltr'>incorrcotum</span> <span class='ocrx_word' id='word_1_65' title='bbox 819 1699 930 1784; x_wconf 91' lang='lat' dir='ltr'>populi</span> <span class='ocrx_word' id='word_1_66' title='bbox 953 1699 1101 1784; x_wconf 81' lang='lat' dir='ltr'>pervenit</span> <span class='ocrx_word' id='word_1_67' title='bbox 1124 1699 1158 1761; x_wconf 93' lang='lat' dir='ltr'>in</span> <span class='ocrx_word' id='word_1_68' title='bbox 1182 1720 1247 1780; x_wconf 87' lang='lat' dir='ltr'>ora,</span> 
     </span>
     <span class='ocr_line' id='line_1_12' title="bbox 510 1802 1314 1891; baseline -0.004 -23"><span class='ocrx_word' id='word_1_69' title='bbox 510 1805 545 1868; x_wconf 91' lang='lat' dir='ltr'>in</span> <span class='ocrx_word' id='word_1_70' title='bbox 568 1805 679 1891; x_wconf 91' lang='lat' dir='ltr'>populi</span> <span class='ocrx_word' id='word_1_71' title='bbox 704 1804 872 1889; x_wconf 90' lang='lat' dir='ltr'>quiequam</span> <span class='ocrx_word' id='word_1_72' title='bbox 896 1805 922 1866; x_wconf 91' lang='lat' dir='ltr'>si</span> <span class='ocrx_word' id='word_1_73' title='bbox 947 1809 1056 1866; x_wconf 90' lang='lat' dir='ltr'>tamen</span> <span class='ocrx_word' id='word_1_74' title='bbox 1079 1824 1134 1866; x_wconf 92' lang='lat' dir='ltr'>oro</span> <span class='ocrx_word' id='word_1_75' title='bbox 1158 1805 1222 1866; x_wconf 92' lang='lat' dir='ltr'>mei</span> <span class='ocrx_word' id='word_1_76' title='bbox 1246 1802 1314 1865; x_wconf 79' lang='lat' dir='ltr'>cst&#39;.</span> 
     </span>
    </p>
   </div>
   <div class='ocr_carea' id='block_1_5' title="bbox 333 1957 1453 2570">
    <p class='ocr_par' dir='ltr' id='par_1_7' title="bbox 333 1957 1453 2570">
     <span class='ocr_line' id='line_1_13' title="bbox 378 1957 1452 2045; baseline -0.004 -22"><span class='ocrx_word' id='word_1_77' title='bbox 378 1960 442 2023; x_wconf 79' lang='lat' dir='ltr'>Sed</span> <span class='ocrx_word' id='word_1_78' title='bbox 476 1983 560 2025; x_wconf 90' lang='lat' dir='ltr'>nunc</span> <span class='ocrx_word' id='word_1_79' title='bbox 596 1981 720 2045; x_wconf 92' lang='lat' dir='ltr'>quoque</span> <span class='ocrx_word' id='word_1_80' title='bbox 756 1960 883 2044; x_wconf 89' lang='lat' dir='ltr'>quietus</span> <span class='ocrx_word' id='word_1_81' title='bbox 919 1966 987 2022; x_wconf 89' lang='lat' dir='ltr'>erat</span> <span class='ocrx_word' id='word_1_82' title='bbox 1012 1959 1080 2022; x_wconf 89' lang='lat' dir='ltr'>eius</span> <span class='ocrx_word' id='word_1_83' title='bbox 1105 1959 1244 2040; x_wconf 73' lang='lat' dir='ltr'>animus,</span> <span class='ocrx_word' id='word_1_84' title='bbox 1268 1957 1399 2042; x_wconf 90' lang='lat' dir='ltr'>dempta</span> <span class='ocrx_word' id='word_1_85' title='bbox 1423 1958 1452 2020; x_wconf 92' lang='lat' dir='ltr'>ei</span> 
     </span>
     <span class='ocr_line' id='line_1_14' title="bbox 335 2062 1453 2149; baseline -0.005 -20"><span class='ocrx_word' id='word_1_86' title='bbox 335 2073 404 2129; x_wconf 90' lang='lat' dir='ltr'>erat</span> <span class='ocrx_word' id='word_1_87' title='bbox 440 2065 618 2128; x_wconf 89' lang='lat' dir='ltr'>sollicitudo</span> <span class='ocrx_word' id='word_1_88' title='bbox 654 2065 694 2128; x_wconf 93' lang='lat' dir='ltr'>de</span> <span class='ocrx_word' id='word_1_89' title='bbox 729 2070 891 2149; x_wconf 87' lang='lat' dir='ltr'>postrema</span> <span class='ocrx_word' id='word_1_90' title='bbox 927 2086 983 2126; x_wconf 92' lang='lat' dir='ltr'>sua</span> <span class='ocrx_word' id='word_1_91' title='bbox 1021 2063 1228 2148; x_wconf 65' lang='lat' dir='ltr'>„progenie”</span> <span class='ocrx_word' id='word_1_92' title='bbox 1264 2084 1336 2126; x_wconf 90' lang='lat' dir='ltr'>cum</span> <span class='ocrx_word' id='word_1_93' title='bbox 1359 2062 1453 2125; x_wconf 90' lang='lat' dir='ltr'>sciret</span> 
     </span>
     <span class='ocr_line' id='line_1_15' title="bbox 335 2168 1450 2257; baseline -0.004 -23"><span class='ocrx_word' id='word_1_94' title='bbox 335 2172 482 2252; x_wconf 90' lang='lat' dir='ltr'>amicum,</span> <span class='ocrx_word' id='word_1_95' title='bbox 518 2179 687 2257; x_wconf 88' lang='lat' dir='ltr'>poetarum</span> <span class='ocrx_word' id='word_1_96' title='bbox 717 2170 905 2250; x_wconf 89' lang='lat' dir='ltr'>studiosum,</span> <span class='ocrx_word' id='word_1_97' title='bbox 931 2170 1038 2232; x_wconf 86' lang='lat' dir='ltr'>omnia</span> <span class='ocrx_word' id='word_1_98' title='bbox 1062 2191 1118 2232; x_wconf 87' lang='lat' dir='ltr'>sua</span> <span class='ocrx_word' id='word_1_99' title='bbox 1143 2169 1293 2250; x_wconf 89' lang='lat' dir='ltr'>earmina,</span> <span class='ocrx_word' id='word_1_100' title='bbox 1316 2168 1450 2230; x_wconf 79' lang='lat' dir='ltr'><strong>Artibus</strong></span> 
     </span>
     <span class='ocr_line' id='line_1_16' title="bbox 337 2273 1452 2361; baseline -0.004 -22"><span class='ocrx_word' id='word_1_101' title='bbox 337 2277 494 2361; x_wconf 87' lang='lat' dir='ltr'>exceptis,</span> <span class='ocrx_word' id='word_1_102' title='bbox 531 2275 682 2360; x_wconf 78' lang='lat' dir='ltr'>colligere</span> <span class='ocrx_word' id='word_1_103' title='bbox 718 2281 750 2338; x_wconf 93' lang='lat' dir='ltr'>et</span> <span class='ocrx_word' id='word_1_104' title='bbox 785 2275 901 2357; x_wconf 84' lang='lat' dir='ltr'>facere,</span> <span class='ocrx_word' id='word_1_105' title='bbox 925 2282 961 2337; x_wconf 89' lang='lat' dir='ltr'>ut</span> <span class='ocrx_word' id='word_1_106' title='bbox 987 2296 1122 2359; x_wconf 80' lang='lat' dir='ltr'>„corpus</span> <span class='ocrx_word' id='word_1_107' title='bbox 1157 2296 1251 2338; x_wconf 87' lang='lat' dir='ltr'>suum</span> <span class='ocrx_word' id='word_1_108' title='bbox 1284 2273 1318 2336; x_wconf 90' lang='lat' dir='ltr'>in</span> <span class='ocrx_word' id='word_1_109' title='bbox 1352 2273 1452 2336; x_wconf 82' lang='lat' dir='ltr'>urbe&#39;&#39;</span> 
     </span>
     <span class='ocr_line' id='line_1_17' title="bbox 333 2379 1453 2465; baseline -0.001 -22"><span class='ocrx_word' id='word_1_110' title='bbox 333 2382 535 2444; x_wconf 82' lang='lat' dir='ltr'>retineretur.</span> <span class='ocrx_word' id='word_1_111' title='bbox 558 2380 644 2444; x_wconf 87' lang='lat' dir='ltr'>Nam</span> <span class='ocrx_word' id='word_1_112' title='bbox 667 2379 743 2442; x_wconf 92' lang='lat' dir='ltr'>inde</span> <span class='ocrx_word' id='word_1_113' title='bbox 766 2381 806 2443; x_wconf 83' lang='lat' dir='ltr'>ab</span> <span class='ocrx_word' id='word_1_114' title='bbox 830 2380 890 2443; x_wconf 91' lang='lat' dir='ltr'>hoc</span> <span class='ocrx_word' id='word_1_115' title='bbox 913 2385 1058 2465; x_wconf 88' lang='lat' dir='ltr'>ternpore</span> <span class='ocrx_word' id='word_1_116' title='bbox 1082 2381 1122 2443; x_wconf 92' lang='lat' dir='ltr'>de</span> <span class='ocrx_word' id='word_1_117' title='bbox 1141 2379 1453 2464; x_wconf 83' lang='lat' dir='ltr'>Metamorphosesin</span> 
     </span>
     <span class='ocr_line' id='line_1_18' title="bbox 335 2485 1451 2570; baseline -0.002 -22"><span class='ocrx_word' id='word_1_118' title='bbox 335 2486 455 2549; x_wconf 86' lang='lat' dir='ltr'>mentio</span> <span class='ocrx_word' id='word_1_119' title='bbox 490 2506 555 2548; x_wconf 92' lang='lat' dir='ltr'>non</span> <span class='ocrx_word' id='word_1_120' title='bbox 589 2486 634 2549; x_wconf 91' lang='lat' dir='ltr'>fit.</span> <span class='ocrx_word' id='word_1_121' title='bbox 668 2485 818 2548; x_wconf 80' lang='lat' dir='ltr'>Fortasse</span> <span class='ocrx_word' id='word_1_122' title='bbox 842 2485 883 2548; x_wconf 90' lang='lat' dir='ltr'>ad</span> <span class='ocrx_word' id='word_1_123' title='bbox 906 2486 964 2548; x_wconf 86' lang='grc'>1111</span> <span class='ocrx_word' id='word_1_124' title='bbox 988 2486 1088 2549; x_wconf 90' lang='lat' dir='ltr'>semel</span> <span class='ocrx_word' id='word_1_125' title='bbox 1113 2487 1210 2549; x_wconf 89' lang='lat' dir='ltr'>etiam</span> <span class='ocrx_word' id='word_1_126' title='bbox 1233 2485 1373 2570; x_wconf 90' lang='lat' dir='ltr'>respicit,</span> <span class='ocrx_word' id='word_1_127' title='bbox 1396 2485 1451 2549; x_wconf 91' lang='lat' dir='ltr'>ubi</span> 
     </span>
    </p>
   </div>
   <div class='ocr_carea' id='block_1_6' title="bbox 242 2578 1453 2990">
    <p class='ocr_par' dir='ltr' id='par_1_8' title="bbox 242 2578 1453 2990">
     <span class='ocr_line' id='line_1_19' title="bbox 242 2578 1451 2675; baseline -0.001 -22"><span class='ocrx_word' id='word_1_128' title='bbox 242 2578 247 2587; x_wconf 56' lang='grc'><strong><em>’</em></strong></span> <span class='ocrx_word' id='word_1_129' title='bbox 333 2592 368 2654; x_wconf 90' lang='lat' dir='ltr'>in</span> <span class='ocrx_word' id='word_1_130' title='bbox 389 2591 516 2675; x_wconf 86' lang='lat' dir='ltr'>epilogo</span> <span class='ocrx_word' id='word_1_131' title='bbox 542 2589 636 2653; x_wconf 84' lang='lat' dir='ltr'>Trist.</span> <span class='ocrx_word' id='word_1_132' title='bbox 660 2592 681 2653; x_wconf 85' lang='lat'>1.</span> <span class='ocrx_word' id='word_1_133' title='bbox 706 2589 764 2671; x_wconf 88' lang='lat' dir='ltr'>IV,</span> <span class='ocrx_word' id='word_1_134' title='bbox 790 2611 850 2674; x_wconf 96' lang='lat' dir='ltr'>quo</span> <span class='ocrx_word' id='word_1_135' title='bbox 874 2590 974 2653; x_wconf 86' lang='lat' dir='ltr'>vitam</span> <span class='ocrx_word' id='word_1_136' title='bbox 998 2611 1089 2653; x_wconf 89' lang='lat' dir='ltr'>suam</span> <span class='ocrx_word' id='word_1_137' title='bbox 1101 2591 1254 2671; x_wconf 87' lang='lat' dir='ltr'>narravit,</span> <span class='ocrx_word' id='word_1_138' title='bbox 1268 2611 1313 2653; x_wconf 85' lang='lat' dir='ltr'>vs.</span> <span class='ocrx_word' id='word_1_139' title='bbox 1330 2592 1371 2652; x_wconf 81' lang='lat'>63</span> <span class='ocrx_word' id='word_1_140' title='bbox 1385 2611 1451 2674; x_wconf 91' lang='lat' dir='ltr'>sqq.</span> 
     </span>
     <span class='ocr_line' id='line_1_20' title="bbox 334 2694 1450 2780; baseline 0.001 -22"><span class='ocrx_word' id='word_1_141' title='bbox 334 2695 423 2758; x_wconf 89' lang='lat' dir='ltr'>dicit:</span> <span class='ocrx_word' id='word_1_142' title='bbox 461 2701 557 2776; x_wconf 87' lang='lat' dir='ltr'>,tunc</span> <span class='ocrx_word' id='word_1_143' title='bbox 581 2716 717 2780; x_wconf 91' lang='lat' dir='ltr'>quoque,</span> <span class='ocrx_word' id='word_1_144' title='bbox 742 2716 813 2757; x_wconf 92' lang='lat' dir='ltr'>cum</span> <span class='ocrx_word' id='word_1_145' title='bbox 836 2695 995 2778; x_wconf 82' lang='lat' dir='ltr'>fugerem,</span> <span class='ocrx_word' id='word_1_146' title='bbox 1020 2694 1179 2778; x_wconf 88' lang='lat' dir='ltr'>quaedam</span> <span class='ocrx_word' id='word_1_147' title='bbox 1203 2697 1360 2780; x_wconf 88' lang='lat' dir='ltr'>placitura</span> <span class='ocrx_word' id='word_1_148' title='bbox 1384 2718 1450 2759; x_wconf 92' lang='lat' dir='ltr'>crc-</span> 
     </span>
     <span class='ocr_line' id='line_1_21' title="bbox 333 2787 1453 2884; baseline 0.001 -20"><span class='ocrx_word' id='word_1_149' title='bbox 333 2801 429 2883; x_wconf 87' lang='lat' dir='ltr'>mavi,</span> <span class='ocrx_word' id='word_1_150' title='bbox 464 2800 563 2863; x_wconf 88' lang='lat' dir='ltr'>iratus</span> <span class='ocrx_word' id='word_1_151' title='bbox 598 2800 712 2863; x_wconf 90' lang='lat' dir='ltr'>studiis</span> <span class='ocrx_word' id='word_1_152' title='bbox 747 2787 1009 2884; x_wconf 77' lang='lat' dir='ltr'>carminibusque</span> <span class='ocrx_word' id='word_1_153' title='bbox 1038 2799 1149 2863; x_wconf 86' lang='lat' dir='ltr'>meis.&#39;’</span> <span class='ocrx_word' id='word_1_154' title='bbox 1184 2799 1314 2864; x_wconf 89' lang='lat' dir='ltr'>Nomen</span> <span class='ocrx_word' id='word_1_155' title='bbox 1344 2807 1453 2865; x_wconf 91' lang='lat' dir='ltr'>tamen</span> 
     </span>
     <span class='ocr_line' id='line_1_22' title="bbox 334 2905 1057 2990; baseline -0.003 -21"><span class='ocrx_word' id='word_1_156' title='bbox 334 2905 641 2990; x_wconf 87' lang='lat' dir='ltr'>Metamorphoseon</span> <span class='ocrx_word' id='word_1_157' title='bbox 664 2905 798 2989; x_wconf 87' lang='lat' dir='ltr'>posthac</span> <span class='ocrx_word' id='word_1_158' title='bbox 820 2925 885 2967; x_wconf 93' lang='lat' dir='ltr'>non</span> <span class='ocrx_word' id='word_1_159' title='bbox 910 2905 1057 2967; x_wconf 90' lang='lat' dir='ltr'>occurrit.</span> 
     </span>
    </p>
   </div>
   <div class='ocr_carea' id='block_1_7' title="bbox 436 3123 1347 3312">
    <p class='ocr_par' dir='ltr' id='par_1_9' title="bbox 436 3123 1347 3312">
     <span class='ocr_line' id='line_1_23' title="bbox 436 3123 1347 3211; baseline 0 -22"><span class='ocrx_word' id='word_1_160' title='bbox 436 3128 453 3207; x_wconf 66' lang='grc' dir='ltr'>ξ</span> <span class='ocrx_word' id='word_1_161' title='bbox 478 3130 508 3189; x_wconf 90' lang='grc'>4.</span> <span class='ocrx_word' id='word_1_162' title='bbox 558 3123 665 3186; x_wconf 78' lang='lat' dir='ltr'>Ouidio</span> <span class='ocrx_word' id='word_1_163' title='bbox 689 3125 797 3184; x_wconf 79' lang='lat' dir='ltr'>direnti</span> <span class='ocrx_word' id='word_1_164' title='bbox 818 3146 848 3185; x_wconf 88' lang='lat' dir='ltr'>se</span> <span class='ocrx_word' id='word_1_165' title='bbox 872 3123 1131 3208; x_wconf 62' lang='lat' dir='ltr'>Metamorphoses</span> <span class='ocrx_word' id='word_1_166' title='bbox 1154 3128 1347 3211; x_wconf 76' lang='lat' dir='ltr'>imperfectos</span> 
     </span>
     <span class='ocr_line' id='line_1_24' title="bbox 645 3228 1136 3312; baseline 0.008 -22"><span class='ocrx_word' id='word_1_167' title='bbox 645 3228 798 3312; x_wconf 74' lang='lat' dir='ltr'>reliquisse</span> <span class='ocrx_word' id='word_1_168' title='bbox 815 3229 901 3312; x_wconf 83' lang='lat' dir='ltr'>fides</span> <span class='ocrx_word' id='word_1_169' title='bbox 925 3229 1062 3292; x_wconf 79' lang='lat' dir='ltr'>debendo</span> <span class='ocrx_word' id='word_1_170' title='bbox 1086 3243 1136 3295; x_wconf 90' lang='lat' dir='ltr'>est.</span> 
     </span>
    </p>
   </div>
   <div class='ocr_carea' id='block_1_8' title="bbox 256 3409 1455 4656">
    <p class='ocr_par' dir='ltr' id='par_1_10' title="bbox 335 3409 1454 4124">
     <span class='ocr_line' id='line_1_25' title="bbox 379 3409 1453 3497; baseline 0.004 -25"><span class='ocrx_word' id='word_1_171' title='bbox 379 3409 432 3472; x_wconf 83' lang='lat' dir='ltr'>Ex</span> <span class='ocrx_word' id='word_1_172' title='bbox 473 3409 523 3472; x_wconf 91' lang='lat' dir='ltr'>his</span> <span class='ocrx_word' id='word_1_173' title='bbox 558 3410 697 3494; x_wconf 91' lang='lat' dir='ltr'>quinque</span> <span class='ocrx_word' id='word_1_174' title='bbox 731 3410 808 3473; x_wconf 91' lang='lat' dir='ltr'>locis</span> <span class='ocrx_word' id='word_1_175' title='bbox 843 3416 975 3496; x_wconf 89' lang='lat' dir='ltr'>poetam</span> <span class='ocrx_word' id='word_1_176' title='bbox 1012 3411 1122 3475; x_wconf 91' lang='lat' dir='ltr'>sedulo</span> <span class='ocrx_word' id='word_1_177' title='bbox 1159 3433 1288 3497; x_wconf 90' lang='lat' dir='ltr'>operam</span> <span class='ocrx_word' id='word_1_178' title='bbox 1323 3411 1453 3477; x_wconf 86' lang='lat' dir='ltr'>dedisse</span> 
     </span>
     <span class='ocr_line' id='line_1_26' title="bbox 335 3506 1452 3602; baseline 0.004 -25"><span class='ocrx_word' id='word_1_179' title='bbox 335 3519 470 3598; x_wconf 89' lang='lat' dir='ltr'>apparet</span> <span class='ocrx_word' id='word_1_180' title='bbox 504 3519 540 3576; x_wconf 91' lang='lat' dir='ltr'>ut</span> <span class='ocrx_word' id='word_1_181' title='bbox 575 3514 629 3598; x_wconf 90' lang='lat' dir='ltr'>qui</span> <span class='ocrx_word' id='word_1_182' title='bbox 665 3512 795 3578; x_wconf 87' lang='lat' dir='ltr'>Metam.</span> <span class='ocrx_word' id='word_1_183' title='bbox 820 3506 918 3578; x_wconf 91' lang='lat' dir='ltr'>libros</span> <span class='ocrx_word' id='word_1_184' title='bbox 940 3516 1090 3600; x_wconf 82' lang='lat' dir='ltr'>legerent</span> <span class='ocrx_word' id='word_1_185' title='bbox 1112 3516 1196 3579; x_wconf 89' lang='lat' dir='ltr'>bene</span> <span class='ocrx_word' id='word_1_186' title='bbox 1219 3517 1452 3602; x_wconf 88' lang='lat' dir='ltr'>perspicerent,</span> 
     </span>
     <span class='ocr_line' id='line_1_27' title="bbox 336 3619 1454 3706; baseline 0.002 -23"><span class='ocrx_word' id='word_1_187' title='bbox 336 3640 415 3704; x_wconf 90' lang='lat' dir='ltr'>opus</span> <span class='ocrx_word' id='word_1_188' title='bbox 450 3619 529 3683; x_wconf 90' lang='lat' dir='ltr'>illud</span> <span class='ocrx_word' id='word_1_189' title='bbox 564 3641 628 3684; x_wconf 92' lang='lat' dir='ltr'>non</span> <span class='ocrx_word' id='word_1_190' title='bbox 663 3641 705 3683; x_wconf 86' lang='lat' dir='ltr'>ex</span> <span class='ocrx_word' id='word_1_191' title='bbox 729 3621 815 3683; x_wconf 91' lang='lat' dir='ltr'>omni</span> <span class='ocrx_word' id='word_1_192' title='bbox 839 3627 930 3705; x_wconf 89' lang='lat' dir='ltr'>parte</span> <span class='ocrx_word' id='word_1_193' title='bbox 955 3621 1133 3706; x_wconf 87' lang='lat' dir='ltr'>perfectum</span> <span class='ocrx_word' id='word_1_194' title='bbox 1157 3643 1237 3703; x_wconf 90' lang='lat' dir='ltr'>esse,</span> <span class='ocrx_word' id='word_1_195' title='bbox 1261 3622 1319 3685; x_wconf 92' lang='lat' dir='ltr'>sed</span> <span class='ocrx_word' id='word_1_196' title='bbox 1345 3645 1454 3703; x_wconf 81' lang='lat' dir='ltr'>,sum-</span> 
     </span>
     <span class='ocr_line' id='line_1_28' title="bbox 336 3723 1453 3811; baseline 0.004 -25"><span class='ocrx_word' id='word_1_197' title='bbox 336 3745 421 3786; x_wconf 91' lang='lat' dir='ltr'>mam</span> <span class='ocrx_word' id='word_1_198' title='bbox 455 3723 605 3786; x_wconf 88' lang='lat' dir='ltr'>manum”</span> <span class='ocrx_word' id='word_1_199' title='bbox 642 3724 807 3804; x_wconf 83' lang='lat' dir='ltr'>,ultimam</span> <span class='ocrx_word' id='word_1_200' title='bbox 841 3725 971 3788; x_wconf 88' lang='lat' dir='ltr'>limam&#39;&#39;</span> <span class='ocrx_word' id='word_1_201' title='bbox 1007 3727 1036 3790; x_wconf 88' lang='lat' dir='ltr'>ei</span> <span class='ocrx_word' id='word_1_202' title='bbox 1072 3727 1195 3808; x_wconf 85' lang='lat' dir='ltr'>deesse,</span> <span class='ocrx_word' id='word_1_203' title='bbox 1229 3726 1326 3811; x_wconf 90' lang='lat' dir='ltr'>idque</span> <span class='ocrx_word' id='word_1_204' title='bbox 1364 3727 1453 3807; x_wconf 83' lang='lat' dir='ltr'>,sine</span> 
     </span>
     <span class='ocr_line' id='line_1_29' title="bbox 337 3827 1453 3917; baseline 0.004 -27"><span class='ocrx_word' id='word_1_205' title='bbox 337 3827 432 3909; x_wconf 89' lang='lat' dir='ltr'>fine,&#39;’</span> <span class='ocrx_word' id='word_1_206' title='bbox 469 3828 719 3909; x_wconf 80' lang='lat' dir='ltr'>„incorrectum”</span> <span class='ocrx_word' id='word_1_207' title='bbox 754 3830 900 3892; x_wconf 91' lang='lat' dir='ltr'>relictum</span> <span class='ocrx_word' id='word_1_208' title='bbox 935 3851 1015 3894; x_wconf 89' lang='grc'>1111.</span> <span class='ocrx_word' id='word_1_209' title='bbox 1054 3831 1147 3902; x_wconf 73' lang='lat' dir='ltr'>Quod</span> <span class='ocrx_word' id='word_1_210' title='bbox 1171 3852 1243 3894; x_wconf 92' lang='lat' dir='ltr'>cum</span> <span class='ocrx_word' id='word_1_211' title='bbox 1266 3837 1332 3894; x_wconf 91' lang='lat' dir='ltr'>tam</span> <span class='ocrx_word' id='word_1_212' title='bbox 1356 3851 1453 3917; x_wconf 91' lang='lat' dir='ltr'>saepe</span> 
     </span>
     <span class='ocr_line' id='line_1_30' title="bbox 338 3933 1453 4020; baseline 0.002 -23"><span class='ocrx_word' id='word_1_213' title='bbox 338 3933 586 4014; x_wconf 86' lang='lat' dir='ltr'>adseveraverit,</span> <span class='ocrx_word' id='word_1_214' title='bbox 633 3934 787 4018; x_wconf 90' lang='lat' dir='ltr'>iniquum,</span> <span class='ocrx_word' id='word_1_215' title='bbox 826 3955 867 3998; x_wconf 91' lang='lat' dir='ltr'>ne</span> <span class='ocrx_word' id='word_1_216' title='bbox 903 3935 1006 4000; x_wconf 90' lang='lat' dir='ltr'>dicam</span> <span class='ocrx_word' id='word_1_217' title='bbox 1042 3936 1217 4020; x_wconf 81' lang='lat' dir='ltr'>malignum</span> <span class='ocrx_word' id='word_1_218' title='bbox 1255 3941 1349 4017; x_wconf 88' lang='lat' dir='ltr'>esset,</span> <span class='ocrx_word' id='word_1_219' title='bbox 1387 3937 1453 4000; x_wconf 90' lang='lat' dir='ltr'>eius</span> 
     </span>
     <span class='ocr_line' id='line_1_31' title="bbox 338 4037 704 4124; baseline 0.008 -25"><span class='ocrx_word' id='word_1_220' title='bbox 338 4037 430 4100; x_wconf 91' lang='lat' dir='ltr'>dictis</span> <span class='ocrx_word' id='word_1_221' title='bbox 453 4037 551 4101; x_wconf 90' lang='lat' dir='ltr'>fidem</span> <span class='ocrx_word' id='word_1_222' title='bbox 573 4060 704 4124; x_wconf 84' lang='lat' dir='ltr'>negare.</span> 
     </span>
    </p>

    <p class='ocr_par' dir='ltr' id='par_1_11' title="bbox 256 4141 1455 4656">
     <span class='ocr_line' id='line_1_32' title="bbox 381 4141 1455 4231; baseline 0.004 -27"><span class='ocrx_word' id='word_1_223' title='bbox 381 4141 615 4207; x_wconf 87' lang='lat' dir='ltr'>Verumtamen</span> <span class='ocrx_word' id='word_1_224' title='bbox 637 4144 698 4207; x_wconf 93' lang='lat' dir='ltr'>hoc</span> <span class='ocrx_word' id='word_1_225' title='bbox 721 4145 841 4208; x_wconf 90' lang='lat' dir='ltr'>facturn</span> <span class='ocrx_word' id='word_1_226' title='bbox 865 4151 922 4208; x_wconf 87' lang='lat' dir='ltr'>est.</span> <span class='ocrx_word' id='word_1_227' title='bbox 947 4145 1092 4209; x_wconf 82' lang='lat' dir='ltr'>Fuerunt</span> <span class='ocrx_word' id='word_1_228' title='bbox 1115 4147 1212 4228; x_wconf 90' lang='lat' dir='ltr'>enim,</span> <span class='ocrx_word' id='word_1_229' title='bbox 1237 4147 1290 4231; x_wconf 89' lang='lat' dir='ltr'>qui</span> <span class='ocrx_word' id='word_1_230' title='bbox 1311 4147 1455 4211; x_wconf 90' lang='lat' dir='ltr'>dicerent</span> 
     </span>
     <span class='ocr_line' id='line_1_33' title="bbox 256 4247 1452 4335; baseline 0.006 -26"><span class='ocrx_word' id='word_1_231' title='bbox 256 4260 258 4264; x_wconf 83' lang='grc'><strong>’</strong></span> <span class='ocrx_word' id='word_1_232' title='bbox 337 4247 397 4310; x_wconf 89' lang='lat' dir='ltr'>hac</span> <span class='ocrx_word' id='word_1_233' title='bbox 420 4249 454 4310; x_wconf 90' lang='lat' dir='ltr'>in</span> <span class='ocrx_word' id='word_1_234' title='bbox 477 4269 512 4311; x_wconf 91' lang='lat' dir='ltr'>re</span> <span class='ocrx_word' id='word_1_235' title='bbox 537 4247 687 4311; x_wconf 88' lang='lat' dir='ltr'>Ovidium</span> <span class='ocrx_word' id='word_1_236' title='bbox 711 4249 871 4311; x_wconf 90' lang='lat' dir='ltr'>imitatum</span> <span class='ocrx_word' id='word_1_237' title='bbox 896 4271 966 4312; x_wconf 89' lang='lat' dir='ltr'>esse</span> <span class='ocrx_word' id='word_1_238' title='bbox 990 4250 1182 4335; x_wconf 84' lang='lat' dir='ltr'>Vergilium,</span> <span class='ocrx_word' id='word_1_239' title='bbox 1208 4273 1303 4333; x_wconf 94' lang='lat' dir='ltr'>quem</span> <span class='ocrx_word' id='word_1_240' title='bbox 1319 4259 1452 4334; x_wconf 90' lang='lat' dir='ltr'>constat,</span> 
     </span>
     <span class='ocr_line' id='line_1_34' title="bbox 336 4352 1451 4439; baseline 0.006 -24"><span class='ocrx_word' id='word_1_241' title='bbox 336 4373 494 4416; x_wconf 87' lang='lat' dir='ltr'>summam</span> <span class='ocrx_word' id='word_1_242' title='bbox 530 4352 671 4416; x_wconf 90' lang='lat' dir='ltr'>Aeneidi</span> <span class='ocrx_word' id='word_1_243' title='bbox 694 4375 826 4416; x_wconf 90' lang='lat' dir='ltr'>manum</span> <span class='ocrx_word' id='word_1_244' title='bbox 849 4355 1074 4439; x_wconf 89' lang='lat' dir='ltr'>impositurum</span> <span class='ocrx_word' id='word_1_245' title='bbox 1097 4357 1132 4419; x_wconf 93' lang='lat' dir='ltr'>in</span> <span class='ocrx_word' id='word_1_246' title='bbox 1156 4357 1326 4422; x_wconf 81' lang='lat' dir='ltr'>Graeciam</span> <span class='ocrx_word' id='word_1_247' title='bbox 1350 4378 1451 4422; x_wconf 88' lang='lat' dir='ltr'>seces·</span> 
     </span>
     <span class='ocr_line' id='line_1_35' title="bbox 336 4458 1451 4547; baseline 0.005 -27"><span class='ocrx_word' id='word_1_248' title='bbox 336 4458 425 4540; x_wconf 89' lang='lat' dir='ltr'>sisse,</span> <span class='ocrx_word' id='word_1_249' title='bbox 460 4459 515 4522; x_wconf 91' lang='lat' dir='ltr'>ubi</span> <span class='ocrx_word' id='word_1_250' title='bbox 546 4458 684 4522; x_wconf 90' lang='lat' dir='ltr'>triennio</span> <span class='ocrx_word' id='word_1_251' title='bbox 705 4458 870 4522; x_wconf 86' lang='lat' dir='ltr'>continuo</span> <span class='ocrx_word' id='word_1_252' title='bbox 907 4461 1094 4524; x_wconf 87' lang='lat' dir='ltr'>emendaret</span> <span class='ocrx_word' id='word_1_253' title='bbox 1127 4484 1254 4547; x_wconf 84' lang='lat' dir='ltr'>poema,</span> <span class='ocrx_word' id='word_1_254' title='bbox 1290 4464 1347 4541; x_wconf 89' lang='lat' dir='ltr'>sed</span> <span class='ocrx_word' id='word_1_255' title='bbox 1375 4485 1451 4526; x_wconf 82' lang='lat' dir='ltr'>mox</span> 
     </span>
     <span class='ocr_line' id='line_1_36' title="bbox 335 4563 1451 4656; baseline 0.009 -31"><span class='ocrx_word' id='word_1_256' title='bbox 335 4584 500 4632; x_wconf 89' lang='lat' dir='ltr'>reversum</span> <span class='ocrx_word' id='word_1_257' title='bbox 533 4563 698 4630; x_wconf 87' lang='lat' dir='ltr'>Brundisii</span> <span class='ocrx_word' id='word_1_258' title='bbox 733 4564 819 4629; x_wconf 90' lang='lat' dir='ltr'>diem</span> <span class='ocrx_word' id='word_1_259' title='bbox 854 4565 958 4629; x_wconf 89' lang='lat' dir='ltr'>obisse</span> <span class='ocrx_word' id='word_1_260' title='bbox 994 4573 1027 4631; x_wconf 95' lang='lat' dir='ltr'>ct</span> <span class='ocrx_word' id='word_1_261' title='bbox 1055 4566 1207 4633; x_wconf 79' lang='lat' dir='ltr'>Aeneida</span> <span class='ocrx_word' id='word_1_262' title='bbox 1230 4569 1451 4656; x_wconf 90' lang='lat' dir='ltr'>imperfectam</span> 
     </span>
    </p>
   </div>
   <div class='ocr_carea' id='block_1_9' title="bbox 0 0 1616 5124">
    <p class='ocr_par' dir='ltr' id='par_1_12' title="bbox 0 0 1616 5124">
     <span class='ocr_line' id='line_1_37' title="bbox 0 0 1616 5124; baseline 0 0"><span class='ocrx_word' id='word_1_263' title='bbox 0 0 1616 5124; x_wconf 95' lang='lat' dir='ltr'> </span> 
     </span>
    </p>
   </div>
  </div>
 </body>
</html>
