2956 4958
705 349 745 410 el

188 531 332 596 novissime
355 527 536 616 perscripsi,
560 529 605 591 sic
628 548 738 594 omnes
761 538 894 616 propter
918 534 1049 598 nimiam
1074 536 1286 621 tautologiam

187 659 237 701 non
256 635 399 700 ferendos
424 653 504 698 csse.
529 631 594 696 Sed
618 633 718 697 multo
743 637 891 700 meliores
915 645 1000 720 sunt,
1025 661 1120 724 quam
1135 641 1282 706 utintcr-

188 744 337 826 polatorem
378 761 434 803 eos
477 745 693 802 commentum
736 761 805 804 esse
848 742 1023 806 credamus.
1062 742 1168 817 Quare
1205 746 1283 811 mihi

187 845 330 910 admodum
363 844 537 908 verisimile
573 843 710 925 videtur,
743 867 854 910 omnes
883 869 902 911 a
932 856 1028 932 poeta
1053 848 1121 932 ipso
1147 851 1281 935 scriptos

187 970 237 1014 esse
262 958 292 1016 et
318 950 371 1014 hic
402 949 481 1012 duas
512 947 633 1010 Niobes
657 948 817 1014 orationes
841 973 860 1014 a
883 951 1020 1015 librariis
1040 952 1123 1016 inter
1147 975 1181 1017 sc
1206 977 1280 1019 con·

187 1053 252 1119 fusas
272 1076 359 1118 esse:

218 1239 220 1242 y
290 1179 440 1245 pascere,
465 1157 612 1240 crudelis,
636 1165 755 1240 nostro,
779 1157 915 1240 Latona,
940 1159 1049 1224 dolore

292 1284 409 1348 corque
435 1262 540 1326 ferum
564 1262 654 1326 satia'
679 1263 761 1326 dixit
785 1283 853 1348 per
877 1264 990 1327 funcra
1014 1272 1138 1349 septem

295 1369 421 1432 efferor.
446 1368 583 1432 Exsulta
606 1367 785 1452 victrixque
810 1389 876 1452 sqq.

290 1545 442 1633 ,pascero'
467 1546 511 1609 ait
535 1545 691 1627 ,satisque
715 1566 787 1609 meo
812 1551 867 1609 tua
891 1551 1020 1632 pectora
1044 1547 1151 1611 luctu:

290 1651 366 1716 dum
390 1673 464 1737 pars
487 1656 596 1714 nostra
620 1650 704 1712 iacet
728 1656 760 1712 ot
783 1649 860 1712 dum
885 1670 943 1733 per
966 1649 1081 1714 funera
1104 1659 1229 1738 septem

292 1757 418 1837 efferor,
444 1756 555 1819 exulta
578 1755 758 1839 victrixque
783 1775 849 1839 sqq.

213 1882 363 1957 Quoniam
387 1887 480 1951 multi
504 1892 589 1967 sunt,
614 1907 693 1971 quos
717 1887 904 1950 iterationes
922 1908 1055 1971 pascere
1071 1926 1107 1933 --
1123 1910 1275 1974 pascere3

174 1996 263 2055 rosus
288 1992 397 2055 dolore
424 2031 461 2038 -
487 2012 560 2055 meo
583 1993 671 2055 luctu
695 2013 760 2055 non
784 1990 949 2055 offendant
973 1991 1102 2076 (poetae
1122 1994 1183 2080 ipsi
1198 2017 1271 2080 pro·

173 2086 241 2158 fecto
273 2118 338 2161 non
369 2097 602 2184 impedimento
628 2097 758 2177 essent),
783 2097 851 2159 fieri
875 2104 992 2180 potest,
1017 2103 1052 2160 ut
1076 2098 1102 2160 si
1125 2100 1274 2164 ultimam

172 2191 264 2264 limam
307 2202 460 2265 adhibere
504 2202 663 2288 potuisset
703 2201 854 2265 Ovidium
889 2209 1051 2286 postremo
1093 2205 1274 2289 positurum

171 2297 254 2370 luisse
277 2313 412 2393 putent:
429 2307 450 2387 ¹)
957 2316 960 2320 '

288 2450 439 2514 pascere,
464 2429 614 2512 crudelis,
639 2436 758 2511 nostro,
783 2430 909 2493 Latona
934 2429 1054 2513 dolore,

287 2535 428 2621 pascere'
453 2536 498 2599 ait
522 2536 677 2619 ,satiaque
701 2555 773 2598 meo
799 2541 855 2597 tua
879 2541 1010 2617 pectora
1033 2536 1139 2598 luctu:

287 2639 364 2705 dum
387 2662 461 2727 pars
485 2647 593 2704 nostra
617 2640 701 2703 iacet
725 2646 757 2702 ct
781 2638 858 2701 dum
882 2659 940 2724 per
964 2639 1078 2702 funera
1102 2647 1227 2724 septem

287 2744 413 2827 efferor,
439 2746 550 2808 exulta
574 2745 766 2830 victrixque,
790 2744 932 2825 inimica,
956 2744 1139 2830 triumpha!

201 3019 354 3087 Omnibus
389 3030 498 3087 autem
532 3023 580 3086 his
603 3023 692 3105 locis,
716 3023 757 3086 de
782 3023 896 3108 quibus
923 3023 1090 3108 hucusque
1122 3023 1273 3104 diximus,

163 3139 263 3190 versus
287 3128 342 3208 qui
366 3149 384 3191 a
407 3128 569 3213 plerisque
597 3129 772 3192 editoribus
796 3149 853 3213 pro
878 3128 1056 3192 subditiciis
1074 3135 1150 3191 sunt
1168 3128 1273 3209 eiecti,

160 3223 189 3290 iu
221 3230 328 3294 codice
359 3232 523 3296 Marciano
557 3234 691 3318 aliisque
725 3231 933 3315 quisbusdam
957 3239 1012 3295 aut
1036 3233 1132 3316 plane
1156 3232 1273 3296 desunt

159 3341 208 3397 aut
225 3336 258 3398 in
281 3339 427 3422 margine
452 3346 526 3401 sunt
550 3339 712 3426 adscripti.

197 3440 259 3504 Sed
292 3442 347 3504 alii
371 3462 498 3526 quoque
523 3450 607 3525 sunt,
631 3443 687 3506 ubi
711 3463 816 3523 neque
841 3441 967 3505 codices
990 3462 1091 3503 unum
1114 3442 1265 3526 pluresve

157 3562 262 3609 versus
298 3547 457 3628 omittant,
482 3568 587 3632 neque
612 3547 751 3612 editores
775 3557 832 3632 pro
857 3546 973 3631 spuriis
998 3553 1160 3629 censeant,
1188 3553 1269 3609 atta-

156 3667 225 3714 men
244 3652 378 3715 fortasse
398 3673 530 3716 manum
549 3654 723 3717 secundam
743 3651 882 3716 auctoris
901 3652 998 3715 liceat
1011 3651 1266 3738 deprehendere.

156 3749 225 3819 Duo
252 3758 404 3842 exempla
429 3757 573 3822 afferam.

156 3892 171 3957 I
205 3898 307 3960 oros
353 3947 360 3960 .

174 3943 233 4065 ’In
270 3919 384 4065 eaiiiim
409 4003 529 4084 fabula,
555 4025 651 4088 quam
678 4003 772 4068 modo
796 4004 1014 4085 tractavimus,
1038 4024 1101 4088 qua
1127 4001 1268 4088 Daphne

158 4129 298 4138 *-

193 4187 220 4258 l)
263 4186 299 4242 cl.
321 4185 373 4254 IX,
399 4189 453 4246 177
475 4205 536 4263 sqq.

269 4265 423 4341 ,cladibus'
444 4268 598 4337 exclamat,
620 4266 761 4325 Saturnio
782 4285 899 4342 pascere
922 4268 1031 4325 nostris

269 4362 387 4419 pascere
407 4348 437 4402 ct
458 4345 531 4404 hanc
552 4351 662 4422 pestem
684 4350 792 4421 specta,
814 4346 942 4405 crudelis
963 4347 1001 4404 ab
1022 4347 1082 4405 alto

270 4442 379 4496 corque
400 4424 496 4484 lerum
518 4427 609 4484 sotial
