3224 5130
768 529 809 592 69

221 711 358 778 Romam
381 713 533 775 missurus
558 719 652 795 esset,
677 732 870 795 carmenque
894 709 1028 774 adderet
1052 731 1113 794 quo
1138 718 1241 777 toturn
1260 721 1344 780 tam·

224 841 321 905 quam
345 817 574 900 introduceret,

270 925 298 1007 I,
325 927 353 1006 l,
380 925 440 986 117
467 945 531 1008 sq:

359 1034 454 1108 ,sunt
477 1047 604 1112 quoque
629 1032 781 1108 mutatae,
806 1033 855 1089 ter
870 1025 1010 1112 quinque
1025 1029 1198 1112 volumina,
1213 1031 1349 1115 formae,

403 1152 508 1218 nuper
531 1133 571 1196 ab
596 1133 757 1216 exsequiis
782 1132 922 1194 carmina
946 1138 1038 1217 rapta
1062 1135 1174 1198 meis.’'

267 1296 383 1381 Neque
406 1296 439 1358 id
463 1295 539 1358 satis
563 1301 642 1357 erat.
666 1293 762 1375 Nam,
787 1315 860 1356 cum
884 1293 1015 1358 tandem
1039 1295 1158 1360 Tomos
1177 1301 1343 1382 pervenis-

225 1408 275 1466 set
297 1402 406 1485 ibique
430 1401 602 1488 epistulam
624 1400 865 1483 composuisset,
879 1421 975 1483 quam
986 1402 1193 1465 monobiblon
1207 1403 1345 1467 Romam

228 1507 316 1570 misit
356 1506 396 1568 ad
419 1505 606 1589 Augustum
630 1503 811 1584 Gaesarem,
838 1505 932 1566 tertio
957 1504 997 1567 de
1021 1506 1084 1568 illis
1107 1506 1196 1570 libris
1220 1509 1345 1573 locutus

226 1619 284 1676 est.
308 1611 492 1695 Principem
515 1615 550 1671 ut
564 1608 633 1671 eius
645 1609 788 1671 animum
800 1609 879 1672 inse
893 1610 1053 1672 mitiorem
1068 1610 1220 1676 redderet
1233 1615 1345 1696 oravit,

227 1728 264 1779 ut
285 1738 350 1779 non
368 1715 451 1778 mala
465 1714 568 1777 solum
583 1734 665 1796 quac
679 1715 857 1797 composuit
871 1715 1012 1778 carmina
1024 1716 1160 1800 legeret,
1176 1718 1233 1781 scd
1249 1719 1347 1782 etiarn

228 1822 311 1885 scria
347 1821 449 1904 magis
488 1824 520 1880 et
549 1817 696 1880 meliora:
721 1817 845 1899 Festos,
870 1818 1030 1902 Medeam,
1055 1820 1346 1908 Metamorphoses.

228 1963 324 2027 Trist.
349 1962 395 2044 II,
419 1965 554 2046 555sqq.

368 2067 536 2150 ,Dictaque
561 2072 635 2128 sunt
659 2067 761 2147 nobis,
786 2069 932 2148 quamvis
956 2089 1070 2132 manus
1093 2071 1207 2134 ultima
1231 2083 1344 2158 coepto

405 2173 518 2253 defuit,
542 2171 576 2234 in
599 2172 697 2234 facies
722 2193 854 2256 corpora
878 2193 971 2235 versa
995 2195 1104 2254 novas,

360 2277 469 2362 Atque
493 2278 616 2340 utinam
640 2298 771 2340 revoces
795 2278 937 2341 animum
960 2281 1124 2365 paulisper
1147 2282 1186 2345 ab
1208 2283 1255 2344 ira

406 2388 438 2445 et
461 2403 561 2445 vacuo
586 2382 697 2444 iubeas
721 2382 795 2444 hinc
819 2383 875 2446 tibi
901 2404 1003 2467 pauca
1026 2385 1102 2469 legi,

360 2508 473 2572 pauca,
498 2487 613 2571 quibus
636 2487 740 2571 prima
764 2509 899 2572 surgons
923 2490 962 2552 ab
987 2491 1110 2575 origine
1134 2492 1246 2556 mundi

274 2595 337 2655 560
405 2592 438 2653 in
462 2599 517 2654 tua
541 2591 663 2654 deduxi
687 2598 843 2676 tempora,
869 2593 996 2675 Cacsar,
1021 2618 1117 2680 opus:

360 2698 527 2782 adspicies,
552 2703 707 2780 quantum
731 2696 857 2758 dederis
881 2698 958 2760 inihi
984 2702 1121 2782 pectoris
1143 2703 1223 2786 ipsc,

405 2823 532 2886 quoquc
557 2801 666 2864 favore
691 2802 789 2864 animi
813 2809 910 2882 teque
936 2810 1070 2888 tuosque
1096 2806 1235 2870 canarnl’

225 2960 318 3024 Idcm
341 2962 409 3024 fore
433 2962 497 3023 iam
521 2981 617 3045 supra
641 2960 779 3039 dixerat,
804 2983 848 3023 vs.
875 2963 915 3024 63
941 2985 1018 3046 sqq:

359 3066 496 3150 ,Inspice
521 3066 623 3128 maius
648 3087 738 3148 opus,
763 3065 848 3149 quod
872 3066 977 3131 adhuc
1001 3069 1069 3131 sine
1093 3069 1157 3132 fine
1181 3071 1296 3155 reliqui

401 3171 435 3232 in
457 3192 522 3233 non
546 3169 723 3233 credendos
748 3192 880 3256 corpora
906 3193 996 3236 versa
1021 3174 1151 3238 modos:

356 3275 502 3337 invenies
525 3275 623 3337 vostri
646 3276 817 3359 praeconia
841 3277 978 3339 nominis
1001 3277 1075 3358 illic,

401 3380 546 3442 invenies
570 3380 667 3442 animi
690 3381 826 3464 pignora
850 3380 949 3443 multa
974 3381 1058 3444 nrei'.

265 3664 376 3728 Prima
411 3665 528 3728 deindo
563 3665 670 3728 hicme
704 3665 834 3728 tandem
868 3666 977 3730 Tomis
1009 3675 1150 3752 peracta,
1188 3690 1261 3732 cum
1284 3691 1341 3733 ver

222 3771 364 3834 venisset
386 3771 441 3833 ubi

354 3914 428 3996 ,iam
452 3914 553 3976 violas
576 3915 733 3998 puerique
756 3915 870 3997 legunt
893 3912 1077 3997 hilaresque
1102 3915 1241 3998 puellae,

398 4020 516 4082 rustica
540 4040 618 4102 quas
642 4020 729 4081 nullo
753 4027 839 4081 terra
863 4025 990 4082 serente
1015 4019 1114 4100 vehit,

353 4130 509 4208 prataque
533 4123 714 4206 pubcscunt
737 4125 898 4187 variorum
922 4125 1001 4187 flore
1026 4125 1167 4187 colorum

396 4228 590 4312 indocilique
613 4229 735 4309 loquax
758 4236 890 4312 gutture
914 4236 1028 4294 vernat
1052 4228 1140 4309 avis',

220 4373 253 4429 ct
286 4368 386 4431 flebili
423 4367 562 4451 primum
586 4367 629 4429 ibi
654 4366 741 4429 diem
765 4368 906 4430 natalem
930 4368 1071 4431 carmine
1096 4368 1333 4450 celebravisset,

219 4472 350 4534 tortium
387 4471 540 4535 Tristiurn
574 4472 718 4535 libellum
748 4470 886 4536 Romam
918 4472 1013 4535 misit.
1045 4473 1114 4536 lam
1139 4473 1270 4536 nuntius
1295 4473 1335 4537 ad

219 4597 293 4638 curn
326 4585 519 4661 pervenerat
553 4577 692 4640 carmina
731 4600 789 4640 sua
821 4577 854 4641 in
882 4579 962 4642 urbo
987 4601 1029 4642 ex
1053 4577 1254 4642 bibliothecis
1276 4601 1336 4666 pu·
