3298 5134
842 441 882 502 16

343 624 394 689 111
429 623 538 709 plurcs
573 621 758 701 afferuntur,
791 621 906 686 docem
945 623 1005 686 loci
1043 628 1118 684 sunt
1158 624 1214 686 ubi
1238 620 1423 691 Marcianus

300 737 356 795 aut
392 729 488 815 plane
521 725 640 791 omittit
675 730 730 788 aut
769 726 802 789 in
837 728 982 813 margine
1018 732 1143 790 tanturn
1180 728 1232 791 vel
1267 729 1352 792 inter
1385 733 1423 794 li·

300 857 377 899 neas
426 833 551 897 additos
598 832 696 895 habet
739 855 860 918 versus,
906 859 985 921 quos
1027 858 1138 899 omnes
1182 838 1249 901 1111
1284 839 1424 904 editores

298 963 356 1028 pro
405 937 569 1002 Ovidianis
611 959 675 1000 non
715 948 903 1024 agnoscunt.
951 941 1016 1005 Sed
1052 942 1193 1026 quinque
1230 963 1341 1006 eorum
1376 951 1424 1008 ta-

297 1047 345 1109 les
379 1050 464 1124 sunt,
498 1049 534 1106 ut
571 1063 659 1105 error
694 1044 870 1108 scribarum
905 1067 1002 1109 causa
1041 1047 1212 1110 omittendi
1249 1069 1319 1113 esse
1366 1071 1424 1135 po·

301 1151 410 1231 tuerit,
445 1170 487 1212 sc.
523 1168 635 1211 versus
672 1149 727 1228 qui
765 1149 841 1211 olim
878 1157 947 1213 erat
982 1156 1055 1234 post
1092 1150 1127 1213 H
1161 1153 1236 1233 555,
1271 1151 1320 1214 IV
1349 1156 1422 1241 768,

301 1257 387 1320 VIII
411 1258 463 1338 87,
488 1253 575 1318 VIII
599 1257 674 1335 286,
701 1253 752 1317 IX
778 1257 851 1319 730.

197 1369 201 1374 ’
299 1380 335 1443 Π
365 1381 444 1442 555:
480 1374 674 1440 servandum
699 1376 833 1440 dederat
859 1378 903 1441 111
927 1378 1108 1441 1111111111
1131 1378 1209 1458 quid
1233 1387 1318 1443 esset

377 1487 440 1546 556
477 1487 510 1544 11
533 1482 641 1565 legem
668 1480 812 1564 dederat,
842 1504 899 1545 sua
925 1503 966 1545 ne
993 1487 1116 1545 secreta
1142 1482 1290 1547 viderent

471 1619 606 1691 Quaerit
629 1618 791 1704 Lyncides
814 1640 984 1702 moresque
1009 1619 1219 1702 animumque
1243 1621 1384 1684 virorum

298 1727 347 1790 IV
373 1728 435 1788 768
471 1725 637 1809 quaerenti
662 1725 807 1810 protinus
831 1747 914 1787 unus
937 1729 939 1802 1
965 1731 1074 1787 narrat
1096 1724 1257 1809 Lyncides

478 1849 560 1913 quae
585 1830 723 1892 simui...

478 1967 565 2029 crine
589 1989 682 2030 suurn
707 1969 823 2053 spoliat
846 1969 1031 2054 praedaque
1056 1970 1160 2053 potita
1183 1970 1327 2034 nefanda
1420 2063 1422 2069 Ι

299 2072 384 2136 VIII
408 2074 447 2136 87
473 2071 541 2133 fert
565 2092 674 2135 secum
698 2073 838 2158 spolium
862 2075 974 2137 1111111
998 2095 1232 2159 progressaque
1256 2083 1349 2160 porta

478 2200 510 2255 et
533 2199 622 2256 setae
647 2194 759 2258 similis
783 2195 894 2279 rigidis
917 2194 1086 2258 hastilibus
1109 2196 1242 2260 horrent

301 2298 386 2362 VIH
399 2302 462 2362 286
476 2304 624 2382 stantque
648 2299 738 2362 velut
766 2301 887 2363 vallum
911 2301 1000 2364 velut
1023 2301 1088 2364 alta
1111 2300 1240 2365 hastilia
1264 2309 1353 2366 setae

479 2443 555 2484 cura
582 2427 672 2484 tenet
695 2420 858 2484 Veneris?
882 2422 907 2483 si
932 2420 964 2483 di
988 2421 1067 2483 mihi
1090 2443 1223 2506 parcere
1247 2424 1370 2486 vellent

301 2524 462 2589 vlssreo
474 2547 607 2611 parcere
633 2526 824 2608 debuerant,
849 2527 875 2589 si
899 2547 974 2608 non,
999 2532 1031 2588 et
1054 2527 1191 2611 perdere
1216 2529 1337 2593 vellent

346 2661 426 2726 Ourn
462 2684 537 2727 vero
568 2665 706 2749 amplius
730 2665 863 2748 triginta
886 2665 964 2727 11111
988 2664 1128 2728 eundern
1148 2686 1290 2728 errorem
1303 2665 1421 2728 scriba-

299 2790 371 2831 rum
406 2790 535 2832 causam
565 2770 735 2833 omittendi
760 2769 857 2833 fuisse
881 2771 984 2855 primo
1009 2776 1140 2854 aspectu
1170 2771 1204 2832 in
1228 2778 1342 2854 aperto
1368 2771 1419 2852 sit,

300 2872 388 2936 haud
422 2872 575 2937 idoneum
604 2873 746 2937 afferunt
773 2881 1000 2958 argumentum
1030 2873 1159 2936 delendi
1188 2873 1247 2937 hos
1277 2875 1419 2958 quinque
1475 2889 1490 2913 ⁰

301 2997 422 3059 versus,
460 2979 514 3061 qui
550 2977 590 3040 ad
625 2977 783 3041 Marciani
821 2978 938 3042 codicis
973 2979 1199 3042 auctoritatem
1234 2986 1419 3063 provocant.

300 3084 416 3168 Itaque
447 3085 590 3165 quinque
623 3084 685 3146 loci
711 3089 843 3166 restant,
866 3083 921 3147 ubi
947 3085 1019 3147 talis
1043 3083 1332 3150 errorscribarurn
1356 3105 1421 3146 non

301 3189 403 3253 adest.
438 3188 502 3252 Sed
537 3187 624 3268 quod
659 3209 677 3252 1
702 3189 858 3252 Marciani
883 3195 976 3252 textu
1001 3189 1204 3268 exciderunt,
1229 3196 1420 3273 argumento

303 3315 372 3358 esse
407 3315 472 3358 non
506 3299 623 3379 potest,
647 3314 753 3375 neque
777 3293 858 3356 haec
883 3299 931 3356 est
954 3300 1003 3356 sat
1025 3294 1133 3378 gravis
1157 3314 1263 3374 causa,
1288 3314 1343 3355 cur
1367 3314 1422 3356 eos

302 3420 344 3462 ex
379 3398 486 3461 Ovidii
523 3399 673 3483 operibus
711 3419 945 3462 removeamus.
973 3398 1058 3461 Nam
1082 3396 1169 3460 idem
1194 3398 1295 3460 codex
1320 3399 1420 3460 multo

300 3505 409 3590 plures
433 3504 549 3585 omisit,
574 3505 630 3585 qui
654 3505 766 3568 deesse
790 3504 879 3567 nullo
904 3503 998 3566 modo
1023 3508 1166 3588 possunt.
1184 3503 1421 3598 Epemplasint

300 3631 403 3694 pauca
428 3630 444 3672 e
469 3610 594 3673 multis:
619 3610 636 3672 I
659 3613 734 3691 206,
759 3609 790 3670 V
816 3607 925 3690 38718,
952 3606 1267 3688 V1185,X1276.

480 3752 539 3794 nec
564 3733 622 3795 tibi
645 3738 738 3816 grata
762 3732 868 3794 minus
892 3731 1006 3815 pietas,
1030 3729 1192 3814 Auguste,
1213 3735 1340 3792 tuorum
1361 3737 1419 3811 est,

480 3857 576 3916 quam
601 3836 661 3899 fuit
684 3837 739 3899 illa
763 3836 842 3898 Iovi.
869 3834 931 3907 Qui
954 3842 1125 3920 postquam
1149 3854 1226 3896 voce
1251 3856 1413 3916 manuque

301 3939 405 4003 1206
475 3962 640 4004 murmura
664 3942 861 4026 compressit,
886 3946 1020 4002 tenuere
1045 3939 1172 4002 silentia
1197 3940 1316 4014 cuncti,

478 4070 579 4133 Haud
601 4072 714 4155 procul
731 4069 900 4132 Hennaeis
919 4070 1007 4131 lacus
1027 4076 1075 4131 est
1094 4090 1113 4131 a
1133 4068 1301 4131 moenibus
1321 4069 1416 4150 altae,

477 4178 607 4240 nomine
631 4177 766 4261 Pergus,
792 4193 906 4254 aquae.
952 4172 1027 4235 Non
1051 4173 1105 4235 illo
1132 4173 1225 4256 plura
1253 4170 1403 4256 Caystros

301 4276 333 4340 V
357 4282 419 4342 387
478 4283 619 4345 carmina
643 4302 819 4366 cygnorum
844 4278 1027 4342 labentibus
1049 4275 1139 4339 audit
1162 4277 1195 4339 in
1218 4276 1322 4339 undis.

354 4385 416 4446 388
483 4384 570 4449 Silva
594 4392 725 4449 coronat
749 4404 848 4464 aquas
873 4385 1005 4468 cingens
1028 4383 1111 4445 11111
1136 4401 1231 4444 omne
1258 4381 1389 4463 suisque

480 4491 707 4555 frondibus‘ut
728 4492 800 4556 velo
824 4488 995 4552 Phoebeos
1020 4487 1190 4550 submovet
1214 4487 1316 4570 ignes.
