2956 4958
657 383 694 444 11

111 588 210 630 amne
234 568 387 634 invitatus
410 574 503 636 tectis
528 576 597 639 eius
622 571 812 638 successisse
839 575 989 633 narratur
1012 577 1140 657 etpost
1163 593 1236 635 coe-

109 693 190 735 nam
214 671 373 757 hospitem
398 697 538 761 rogasse,
561 700 644 759 quae
667 682 774 739 essent
799 695 857 738 eac
877 675 1012 756 insulae,
1030 698 1110 756 quas
1128 699 1237 741 oerne-

110 784 196 840 rent.
231 777 396 843 Achelous
428 784 530 846 amnis
555 805 629 847 cum
653 782 774 845 insulas
797 781 872 862 illas,
893 780 968 842 olim
992 779 1115 844 Naides
1138 783 1237 846 fuisso

107 882 218 963 docet,
254 905 391 964 quarum
426 887 482 948 uni
518 910 536 950 a
572 909 606 951 se
642 887 779 950 dilectae
813 885 995 969 virgineum
1019 906 1138 949 nornen
1161 887 1237 950 ade-

109 990 212 1051 merit
237 989 316 1074 ipse.

109 1097 179 1158 593
205 1093 299 1166 Quod
322 1102 414 1180 pater
436 1097 663 1182 Hippodamas
687 1115 784 1180 aegre
809 1095 892 1175 tulit,
917 1095 1015 1176 inque
1039 1095 1235 1180 profundum

203 1201 345 1284 propulit
369 1222 387 1264 0
411 1203 541 1287 scopulo
565 1201 729 1288 pariturae
754 1221 887 1284 corpora-
909 1207 1015 1264 natae.

106 1307 178 1368 595
202 1305 327 1390 Excepi
350 1315 548 1389 nantemque
572 1308 679 1370 ferens
706 1305 753 1387 ,0
777 1305 926 1389 proxima
951 1308 1039 1369 coelo

202 1430 301 1494 regna
326 1412 448 1496 vagae”
473 1411 541 1474 dixi
568 1413 699 1492 ,sortite
724 1410 920 1473 Tridentifer
943 1411 1060 1493 undae,

202 1515 235 1577 in
258 1535 321 1595 quo
348 1516 534 1597 desinimus,
559 1537 622 1597 quo
647 1516 728 1580 sacri
753 1515 910 1578 currimus
935 1538 1056 1597 amnes,

104 1622 177 1682 598
202 1619 265 1682 huc
289 1621 376 1701 ades,
400 1628 497 1701 atque
522 1622 597 1684 audi
619 1621 775 1706 placidus,
799 1619 966 1705 Neptune,
993 1630 1193 1707 precantem.

200 1724 287 1787 Huic
311 1746 382 1809 ego,
407 1746 503 1806 quam
527 1735 630 1812 porto,
655 1726 759 1789 nocui.
787 1725 821 1788 Si
846 1725 930 1788 mitis
955 1734 987 1789 et
1011 1747 1134 1808 aequus

200 1830 226 1892 si
249 1836 341 1914 pater
364 1830 598 1915 Hippodamas,
623 1838 678 1894 aut
702 1832 727 1893 si
751 1830 857 1893 minus
881 1831 1002 1916 impius
1027 1840 1111 1896 essct

103 1938 173 1999 601
200 1934 312 1998 debuit
335 1936 419 1998 illius
443 1936 597 2017 misereri,
621 1938 787 2021 ignoscere
811 1935 916 1998 nobis.

204 2038 276 2121 [Oui
300 2039 462 2123 quondam
487 2042 581 2104 tellus
606 2042 714 2104 clausa
738 2048 786 2104 est
810 2042 938 2106 feritate
962 2044 1110 2129 paterna]

104 2146 177 2207 602
203 2144 293 2208 adfer
318 2166 432 2229 opem3
459 2167 658 2229 mersaeque,
683 2167 806 2230 precor,
831 2147 959 2211 feritate
987 2155 1122 2233 paterna
1174 2140 1176 2142 ¹

201 2251 252 2330 da,
277 2251 446 2340 Neptune,
466 2254 594 2334 locum,
617 2254 670 2315 vcl
691 2253 732 2315 sit
754 2255 842 2316 locus
866 2255 936 2338 ipsa
959 2255 1087 2319 licebit:

200 2358 435 2443 huncquoque
460 2360 692 2444 complectar”.
717 2359 820 2424 Movit
847 2369 942 2445 caput
966 2383 1145 2447 aequoreus
1176 2384 1234 2426 rex

203 2466 426 2549 concussitque
451 2468 516 2529 suis
543 2488 655 2529 omnes
681 2466 870 2530 adsensibus
891 2468 1004 2532 undas.

104 2576 175 2636 606
200 2572 360 2635 Extimuit
383 2571 543 2655 nymphe,
567 2572 666 2634 nabat
690 2577 808 2634 tamen.
833 2571 908 2656 Ipse
932 2575 1073 2636 natantis

199 2683 330 2761 pectora
354 2677 528 2760 tangebam
553 2676 678 2760 trepido
704 2676 852 2738 salientia
876 2685 975 2740 motu.

200 2781 352 2864 Dumque
377 2802 415 2844 ea
439 2787 612 2861 contrecto,
638 2787 805 2863 totumque
830 2781 1001 2845 durescere
1026 2784 1110 2847 sensi

199 2908 314 2972 corpus
338 2893 370 2948 et
393 2886 524 2949 inducta
549 2886 641 2949 condi
666 2887 854 2970 praecordia
878 2894 973 2950 terra.
1114 2957 1115 2960 Ἴ

105 2992 174 3054 616
199 2990 286 3054 Dum
310 2992 432 3074 loquor,
458 2992 609 3075 amplexa
633 2997 681 3053 est
705 2998 793 3053 artus
816 3013 899 3054 nova
917 3000 1009 3066 ,terra
1033 2999 1182 3056 natantes

105 3100 172 3160 611
200 3104 231 3159 01
254 3097 361 3181 gravis
380 3097 516 3159 increvit
540 3096 670 3158 mutatis
693 3097 798 3159 insula
823 3097 985 3160 membris.

153 3297 309 3361 Heinsius
333 3320 380 3361 vs.
407 3301 471 3361 598
490 3298 562 3380 ι11110
587 3297 673 3378 ades,
692 3305 788 3381 atque
803 3299 878 3362 audi
895 3300 1050 3384 placidus,
1065 3300 1097 3362 N
1100 3306 1230 3384 eptune,

102 3402 303 3488 precantem'
327 3404 472 3487 spurium
498 3411 530 3465 et
553 3402 689 3487 proinde
715 3403 898 3467 eiciendum
923 3426 992 3468 esse
1014 3412 1133 3485 censet,
1147 3413 1183 3467 ut
1197 3412 1230 3468 et

102 3529 236 3572 versum
260 3509 315 3588 qui
337 3515 410 3592 post
435 3510 495 3570 601
513 3513 560 3570 est
574 3507 714 3570 inclusus
730 3508 740 3586 (
754 3509 814 3589 ,cui
828 3509 992 3589 quondam
1007 3509 1105 3572 tellus
1119 3510 1228 3572 clausa

105 3620 157 3677 est
192 3613 319 3675 toritate
350 3612 531 3696 paterna'),
556 3634 654 3692 quem
678 3613 809 3675 minimo
834 3613 1005 3677 ferendum
1028 3621 1131 3699 putat,
1157 3637 1228 3678 oum

103 3718 206 3780 verba
241 3718 378 3799 ,feritate
402 3717 558 3802 paterna’
583 3717 689 3780 donno
713 3719 861 3802 proxime
887 3725 1084 3803 repetantur.

151 3822 238 3885 Addi
263 3829 378 3902 potest,
403 3844 467 3884 non
491 3824 594 3885 solum
616 3823 1155 3908 1000111011010111010[1010111οζ
1172 3825 1229 3888 sed

104 3928 205 3990 etiam
229 3927 354 3990 duobus
377 3928 427 3990 his
449 3928 615 3991 versibus:

196 4033 257 4114 ,cui
280 4032 442 4116 quondam
466 4033 561 4095 tellus
585 4034 695 4096 clausa
719 4040 768 4096 est
792 4032 920 4096 feritate
944 4040 1080 4118 paterna

196 4137 286 4200 adfer
310 4137 426 4221 opem’,
637 4128 640 4135 ’

103 4249 157 4304 et:
393 4262 591 4324 ,mersaeque
616 4263 729 4326 precor
753 4242 883 4307 feritate
907 4250 1041 4328 paterna

195 4346 246 4426 da,
269 4346 423 4432 Neptune
446 4346 562 4409 locum’
855 4354 857 4358 '

100 4453 237 4519 mutatis
271 4453 376 4519 verbis
410 4453 497 4520 idem
532 4452 600 4514 fero
629 4451 700 4517 dioi.
725 4451 834 4518 Nimia
867 4475 943 4518 sane
967 4453 1048 4518 haec
1071 4454 1226 4518 sermonis
