2956 4958
173 583 271 646 Trist:
295 578 353 659 IV,
380 582 408 658 1,
433 580 473 640 Ξῖ
499 600 568 662 sqq.

288 684 380 764 „Non
404 682 553 766 equidem
578 683 705 762 rollum,
729 682 880 765 quoniam
904 682 1049 744 nocitura
1073 683 1216 751 fuerunt,

374 787 540 849 Pieridum
564 789 660 850 sacris
686 787 875 872 imposuisse
901 807 1049 849 manum:

307 893 370 956 aad
401 914 484 954 num·
509 891 584 975 quid
610 891 747 953 facian?
771 889 830 953 Vis
854 913 904 953 mo
930 898 1019 953 tenet
1043 893 1113 976 ipsa
1136 914 1299 973 sororum,

376 1006 408 1059 ct
433 1018 561 1059 carmen
586 996 717 1058 clemens
742 996 882 1058 carmine
905 996 1012 1058 laesus
1035 996 1139 1060 am0.’'

174 1102 376 1168 Carminibus
401 1100 562 1164 abstinere
588 1122 651 1162 uon
675 1101 797 1184 potuit:

173 1209 269 1272 Trist.
295 1206 337 1288 V,
365 1210 416 1281 12,
442 1209 482 1268 69
508 1228 574 1289 sqq.

286 1310 376 1393 „Nec
398 1317 517 1390 tamen,
542 1316 575 1372 ut
599 1331 711 1372 rorum
735 1309 837 1371 lateru·
861 1309 929 1390 tibi,
953 1318 1061 1374 nostra
1085 1312 1189 1374 teneri

376 1438 394 1478 a
418 1413 639 1498 componendo
665 1414 806 1475 carmine
831 1412 923 1476 Musa
947 1421 1063 1498 potest,

309 1522 482 1585 Scribimus
507 1527 539 1582 ct
563 1520 696 1602 scriptos
720 1519 918 1581 absumimus
942 1521 1016 1603 iguc
1040 1520 1183 1584 libellos:

376 1626 483 1689 exitus
507 1631 555 1687 cst
579 1624 677 1686 studii
700 1646 800 1709 parva
824 1625 933 1687 larillu
958 1625 1058 1689 mcil”
1074 1624 1094 1707 ¹)

216 1734 263 1797 At
299 1753 383 1796 nunc
415 1731 478 1793 iam
503 1751 566 1792 uon
591 1736 660 1792 crat
683 1729 805 1813 gloriae
830 1729 982 1809 studium,
1008 1731 1092 1815 quod
1117 1730 1158 1794 ad
1182 1733 1304 1816 poesin

174 1862 248 1904 cum
273 1837 464 1921 instigabat:
490 1833 584 1896 Trist.
610 1834 668 1915 IV,
696 1836 723 1914 1,
749 1839 779 1915 3,
804 1857 849 1919 sq.

466 1939 658 2019 „1·oquics..
678 1989 683 2001 .
709 1939 798 2020 mihi,
822 1961 887 2003 non
911 1941 995 2004 fairra
1019 1942 1122 2026 petita
1147 1949 1206 2023 cst,

375 2064 466 2107 ruens
490 2045 614 2106 intenta
638 2044 703 2106 suis
726 2064 767 2106 nc
792 2043 875 2107 foret
898 2066 999 2130 usquc
1024 2045 1147 2109 malis.'’

175 2154 271 2216 Trist.
296 2150 338 2232 V,
366 2153 395 2230 7,
421 2151 461 2212 39
487 2172 533 2232 sq.

289 2255 427 2335 „Dotine
452 2253 566 2316 studiis
590 2252 732 2315 animum
756 2252 895 2337 falloque
920 2254 1056 2336 dolores,

375 2358 526 2443 experior
549 2358 631 2420 curis
657 2364 689 2419 ct
713 2357 790 2419 darc
815 2356 913 2420 verba
937 2359 1048 2422 meis.”

177 2468 216 2528 67
243 2487 289 2548 sq.
316 2463 540 2544 „Carminibus
564 2482 682 2542 quaero
708 2463 896 2525 miserarum
921 2464 1039 2527 oblivia
1063 2485 1186 2527 rorum:

374 2567 517 2652 praemia
541 2568 567 2629 si
591 2566 695 2629 studio
721 2589 897 2651 consequar
921 2569 990 2650 ista,
1015 2576 1064 2632 sat
1084 2568 1199 2650 eafa

219 2710 320 2789 Tunc,
345 2731 417 2771 cum
442 2707 635 2772 carminibus
659 2707 724 2770 iam
747 2709 883 2791 gloriam
908 2731 971 2772 non
996 2710 1146 2794 captabat
1170 2710 1230 2772 sod
1250 2713 1301 2773 ni-

173 2816 220 2878 hil
255 2814 342 2877 aliud
378 2833 474 2893 quam
512 2813 713 2874 miseriarum
738 2814 892 2876 oblivium
917 2816 1101 2898 quaerebat,
1126 2835 1225 2895 quam
1250 2816 1300 2878 di-

174 2940 267 2983 versa
302 2919 370 2980 eius
407 2918 548 2980 carmina
583 2924 674 2979 erant
709 2918 749 2980 ab
785 2918 857 2999 illis,
891 2940 973 3002 quac
996 2920 1118 3002 gloriae
1143 2920 1300 3004 cupidine

175 3025 288 3087 ductus
320 3022 508 3106 composuit.
535 3020 638 3093 Quam
662 3023 749 3085 laeta
773 3030 805 3086 ct
829 3024 944 3105 iocosa,
970 3046 1066 3105 quam
1090 3025 1187 3112 plena
1211 3028 1301 3089 vari-

175 3150 265 3192 arum
300 3127 533 3211 elegantiarum
567 3133 600 3188 et
624 3126 744 3209 ingcnii
770 3134 861 3190 crant
884 3127 953 3190 illa:
978 3148 1073 3208 quam
1098 3129 1201 3192 tristia
1226 3132 1302 3215 plc-

174 3253 309 3317 rumque
334 3239 366 3295 ct
389 3232 525 3293 unisona
549 3238 623 3293 sunt
646 3230 736 3293 haec.
761 3230 800 3294 In
824 3232 1016 3295 irmncnsum
1040 3232 1198 3317 rcpctitac
1224 3244 1305 3299 sunt

176 3339 326 3424 querelae
365 3336 405 3399 de
442 3334 576 3398 terribili
609 3334 664 3397 illo
688 3336 757 3398 loco
783 3336 822 3398 ab
847 3337 926 3399 urbe
951 3342 1017 3399 tam
1041 3337 1138 3421 longe
1162 3347 1305 3421 remoto,

175 3464 237 3527 quo
280 3443 442 3525 relegatus
484 3446 570 3518 erat3
612 3460 676 3501 unc
711 3446 823 3502 tenore
857 3441 1013 3504 iterantur
1045 3463 1156 3526 preces
1191 3448 1224 3505 ct
1261 3446 1305 3507 ad

175 3547 361 3632 Augustum
393 3554 425 3609 et
455 3545 495 3608 ad
518 3544 660 3607 lautores
685 3552 716 3607 ct
741 3547 869 3628 amicos,
894 3555 929 3609 ut
953 3547 1013 3610 sibi
1037 3549 1143 3611 mitior
1168 3555 1200 3610 et
1224 3551 1303 3614 urbi

174 3653 305 3739 propior
318 3652 407 3726 exilii
420 3649 509 3734 regio
524 3651 698 3733 contingat.
712 3650 880 3714 Postremo
894 3652 1028 3714 fractum
1042 3673 1146 3739 paene
1159 3660 1192 3715 ct
1202 3655 1302 3717 obtu-

175 3780 245 3820 sum
277 3763 345 3821 erat
380 3757 448 3819 eius
480 3755 663 3839 ingenium3
697 3755 807 3818 faciles
840 3756 969 3840 quidem
1002 3758 1192 3841 plerumque
1221 3769 1302 3824 sunt

176 3868 208 3924 et
241 3862 357 3924 leviter
391 3861 494 3923 fluunt
528 3881 608 3943 quos
632 3860 741 3922 scribit
764 3882 892 3923 versus:
920 3882 962 3923 ex
986 3861 1023 3943 P,
1046 3860 1104 3944 IV,
1125 3865 1155 3944 2,
1181 3865 1221 3925 15
1250 3888 1300 3948 sq.

311 3986 390 4046 „nec
413 3971 523 4029 tamen
545 3963 714 4049 ingenium
738 3965 830 4028 nobis
854 3965 1037 4050 respondet,
1064 3971 1100 4029 ut
1123 3975 1209 4050 ante,

375 4071 432 4133 scd
456 4071 573 4132 siccum
597 4070 697 4132 sterili
722 4091 851 4133 vomere
875 4071 950 4132 litus
975 4070 1059 4133 aro'’.

218 4176 397 4255 Postquam
438 4177 556 4238 multos
602 4176 666 4237 iam
702 4197 803 4238 annos
838 4177 955 4238 frustra
990 4176 1130 4260 Augusti
1165 4181 1300 4243 veniam

218 4371 244 4440 l)
286 4373 321 4425 ct'.
345 4371 433 4426 'l¹risl.
456 4367 506 4433 lV,
535 4368 555 4433 l,
582 4368 632 4422 llll
659 4386 720 4442 sqq.

217 4451 245 4519 2)
287 4450 329 4506 Of.
352 4455 440 4507 ctiam
465 4447 553 4502 'frist
576 4446 611 4512 V,
638 4451 661 4514 l,
688 4454 721 4505 {a
745 4469 786 4522 sq.
814 4449 845 4515 V,
870 4452 895 4516 7,
918 4448 955 4505 3?
977 4468 1039 4523 sqq.
