2956 4958
721 360 761 423 78

173 570 254 631 csse,
290 545 499 611 demonstrari
536 530 640 630 potest
664 566 706 608 cx
734 569 783 628 co,
808 545 1019 631 quodetiam
1046 541 1097 605 hir
1127 537 1225 616 locria,
1251 533 1292 597 Α.

177 677 204 718 1.
232 653 258 717 I.
285 655 345 715 331
376 674 433 735 sq,
448 648 585 713 candem
608 651 828 714 contusionem
852 651 1004 738 praebet:

286 788 371 870 ,filia
397 807 577 873 purpureos
599 786 678 850 Niso
703 791 808 851 lurata
833 787 964 872 capillos

350 893 436 979 pube
461 891 577 977 premit
602 891 728 954 rabidos
752 892 1002 978 inguinibusque
1027 884 1153 952 canes.’'

217 1035 287 1100 Ncc
322 1033 456 1097 Ovidius
492 1033 578 1096 solus
602 1040 681 1115 crat,
706 1035 760 1118 qui
785 1035 886 1119 primo
911 1054 1007 1096 unam
1033 1030 1173 1116 Scyllam
1197 1026 1297 1088 fuisse

174 1147 314 1228 putaret.
347 1138 433 1202 Nam
464 1145 575 1201 auctor
611 1138 770 1221 carminis,
808 1139 857 1202 cui
889 1136 990 1220 ,Ciris'
1015 1144 1063 1199 est
1087 1154 1217 1214 nomen,
1242 1131 1297 1216 qui

175 1247 314 1333 Scyllam
351 1243 421 1306 Nisi
457 1243 556 1306 filiam
592 1244 624 1306 in
660 1266 752 1307 avem
788 1244 1297 1317 1111111111111111111111111111,

173 1373 219 1416 vs.
244 1353 286 1413 54
311 1369 379 1438 sqq.
404 1347 498 1410 dicit:

263 1507 305 1567 54
332 1505 532 1589 ,complures
555 1504 644 1567 illam
669 1510 701 1566 et
725 1503 844 1588 magni,
868 1503 1018 1582 Messala,
1045 1508 1161 1585 poetae

264 1613 304 1673 56
351 1610 448 1693 longe
472 1609 535 1672 alia
559 1609 732 1693 perhibent
755 1616 912 1671 mutatam
935 1605 1080 1670 membra
1103 1604 1208 1688 figura

352 1712 535 1799 Scyllaeum
560 1721 700 1776 monstro
725 1735 840 1776 saxum
863 1713 1016 1775 intestare
1041 1707 1178 1773 voraci.''

219 1853 310 1917 lnter
348 1873 482 1936 magnos
519 1859 628 1914 autem
665 1851 736 1914 illos
771 1859 883 1936 poetas
913 1856 1041 1935 praeter
1066 1846 1219 1910 Ovidium
1240 1865 1300 1906 nu-

177 1957 326 2021 merandi
350 1965 424 2020 sunt
446 1956 635 2042 Propertius
659 1963 690 2019 et
715 1956 888 2040 Vergilius.

218 2063 407 2149 Propertius
444 2061 529 2125 enim
564 2061 604 2144 V,
637 2065 667 2143 4,
703 2066 744 2125 39
778 2085 823 2147 sq.
859 2061 947 2125 haud
983 2060 1082 2122 multo
1114 2056 1154 2119 ab
1179 2054 1299 2117 Ovidio
1333 2077 1337 2082 ·

178 2169 355 2253 discrepat:

290 2303 393 2385 ,auid
418 2303 533 2366 mirum
556 2304 589 2366 in
613 2304 734 2389 patrios
758 2305 896 2390 Scyllam
922 2304 1061 2366 saevisse
1086 2300 1230 2384 capillos,

1167 2404 1185 2430 11

353 2407 552 2493 candidaque
576 2409 609 2471 in
634 2431 746 2473 saevos
770 2411 903 2494 inguina
927 2429 1019 2471 versa
1044 2407 1165 2469 canes?

221 2565 264 2628 Et
286 2563 462 2648 Vergilius,
486 2564 555 2628 Ecl.
581 2567 611 2645 6,
637 2567 677 2627 74
702 2588 768 2650 sqq.

291 2668 397 2758 ,Quid
432 2671 554 2754 loquar,
580 2677 635 2732 aut
660 2670 799 2756 Scyllam
822 2672 903 2754 Nisi,
929 2693 1025 2756 quani
1048 2671 1134 2734 fama
1157 2673 1303 2730 secutast

312 2773 447 2837 candida
472 2774 669 2837 succinctum
693 2776 884 2840 latrantibus
908 2777 1041 2862 inguina
1066 2773 1215 2838 monstris

312 2878 478 2942 Dulichias
503 2901 639 2943 vexasse
662 2888 749 2945 rates
774 2889 806 2945 et
829 2884 958 2967 gurgite
983 2884 1015 2945 in
1039 2883 1103 2945 alto

312 2985 347 3047 11
372 2983 500 3047 timidos
525 2991 638 3048 nautas
663 2988 794 3051 canibus
817 2990 974 3052 lacerasse
998 2984 1159 3050 marinis.''

223 3141 266 3205 Et
289 3139 453 3224 Vergilius
472 3139 572 3225 igitur
590 3148 623 3204 et
641 3141 830 3228 Propertius
850 3152 882 3208 et
902 3145 1037 3207 Ovidius
1057 3143 1117 3206 hac
1135 3143 1167 3204 in
1188 3140 1302 3204 fabula

180 3247 294 3311 eodem
317 3246 395 3310 vitio
418 3247 655 3310 laboraverunt.
682 3247 788 3320 Quare
813 3257 945 3335 propter
968 3249 1157 3314 sodalicium
1180 3244 1300 3309 11111111-

180 3374 298 3439 areque
329 3352 492 3415 vinculum
517 3353 602 3435 quod
628 3354 711 3416 inter
736 3362 848 3439 pectas
874 3357 958 3418 illius
985 3355 1138 3440 temporis
1165 3350 1301 3431 exstitit,

179 3457 446 3522 verisimillimum
492 3460 550 3536 est,
596 3461 671 3520 tunc
708 3461 804 3542 vulgo
841 3461 998 3524 creditum
1034 3480 1114 3540 esse,
1147 3457 1300 3552 Scyllam7

61 3585 63 3589 “
179 3563 250 3626 Nisi
284 3562 393 3641 filiam,
427 3567 558 3645 propter
593 3563 712 3625 crinem
747 3564 909 3628 letiferum
944 3565 1026 3650 patri
1062 3563 1234 3647 spoliatum
1266 3560 1301 3622 in

179 3673 356 3731 monstrum
397 3664 477 3728 illud
519 3686 705 3731 conversam
743 3691 822 3733 esse.
860 3671 922 3734 Sed
958 3671 1039 3733 haec
1073 3669 1154 3731 falsa
1188 3665 1299 3749 opinio

180 3795 245 3838 non
287 3771 342 3834 diu
383 3770 509 3849 mansit.
552 3769 637 3834 Nam
678 3781 714 3836 ut
756 3774 890 3838 Ovidius
926 3775 970 3838 sic
1002 3775 1097 3837 ctiam
1133 3768 1301 3854 Vergilius

181 3885 293 3965 postea
328 3876 679 3941 intellexisseyidetur
703 3881 800 3942 aliam
825 3901 894 3943 csse
920 3880 1069 3965 Scyllam,
1093 3875 1164 3938 Nisi
1187 3874 1300 3955 filiam,

182 3986 277 4049 aliam
305 3981 445 4065 Scyllam
468 3981 501 4043 in
524 3990 701 4046 monstrum
727 3984 806 4048 illud
831 3992 998 4049 mutatam.
1023 3984 1187 4069 Vergilius
1212 3982 1299 4044 enim

183 4092 302 4172 Georg.
337 4086 364 4168 l,
400 4090 464 4150 404
501 4107 568 4168 sqq.
593 4087 633 4149 dc
659 4088 775 4173 Scylla,
800 4091 870 4154 Nisi
894 4091 977 4172 filia,
1002 4090 1035 4153 in
1059 4109 1151 4151 avem
1174 4093 1301 4149 mutata

181 4195 331 4281 loquitur.

226 4300 360 4363 Ovidius
385 4317 461 4382 ergo
486 4298 611 4382 Scyllae
636 4299 778 4362 fabulam
801 4302 904 4385 primo
929 4303 1025 4385 plane
1049 4300 1142 4362 aliter
1157 4296 1300 4359 narravit

188 4432 225 4473 11
261 4427 344 4479 nunc
368 4405 401 4466 in
424 4404 513 4468 libris
537 4404 623 4466 Vlll
649 4412 680 4467 et
703 4405 790 4467 Xlll
813 4429 858 4489 sq.
883 4407 1011 4490 legitur.
1039 4403 1133 4468 Unde
1158 4401 1301 4464 efficitur
