2956 4958
726 374 765 435 14

182 557 383 640 elegantibus
406 557 561 637 versibus,
586 556 702 621 Ovidio
727 580 792 621 non
816 557 967 640 indignis,
993 557 1144 618 lacunam
1170 556 1296 640 explere

180 669 266 726 certe
315 684 379 726 non
426 663 593 747 potuisset.
641 662 722 726 Sunt
759 664 846 726 eninr
882 661 1029 725 nonnulli
1061 681 1185 742 eorum,
1222 669 1295 725 teste

181 768 336 853 (hangio,
361 768 461 831 multo
486 769 700 853 elegantiores
724 790 820 853 qutun
844 789 905 830 vss.
925 769 1000 846 olo,
1016 787 1062 849 sq.
1077 773 1111 828 ct
1125 767 1295 831 secundum

179 872 325 936 Riesium
351 873 448 953 „sartis
472 873 638 957 eleganter
663 872 877 959 interpolati’'.

223 977 392 1041 Postremo
439 979 465 1041 si
513 979 584 1062 quis
631 979 890 1065 arnplilieandum
939 977 1047 1039 locum
1083 983 1172 1039 ratus
1207 984 1295 1057 essct,

179 1104 217 1147 eo
261 1103 395 1146 munere
440 1084 553 1146 saltem
589 1105 653 1147 non
688 1094 754 1148 tam
789 1102 940 1169 perverse
978 1082 1109 1144 functus
1146 1089 1232 1145 osset
1264 1088 1295 1143 ut

179 1187 396 1251 narrationem
422 1194 487 1251 tam
512 1189 592 1251 mire
617 1190 781 1253 confusam
807 1197 838 1250 et
863 1186 1084 1250 abundantem
1109 1185 1270 1249 redderet.

224 1293 359 1377 Quoquo
393 1313 470 1377 ergo
506 1314 572 1355 rem
599 1296 706 1376 vertis,
732 1295 819 1358 nulla
843 1292 1019 1378 probabilis
1044 1312 1141 1354 causa
1164 1291 1296 1354 inveniri

177 1406 294 1483 potest,
318 1419 374 1461 cur
397 1397 456 1459 hos
481 1418 592 1461 rcrsus
616 1420 873 1484 supervacaneos
899 1397 1124 1482 interpolatori
1149 1396 1296 1482 imputari

176 1509 333 1587 oporteat.
358 1502 433 1565 Alia
458 1503 632 1587 explicatio
657 1502 851 1586 inquirenda
876 1509 933 1565 est.

239 1697 256 1777 ξ
281 1700 310 1760 5.
357 1697 412 1758 Ad
435 1719 534 1757 corsus
562 1698 591 1757 r'rr
619 1697 745 1758 ,treuna
772 1697 857 1757 libris
881 1697 1073 1756 ‹lunrrrundos
1098 1696 1233 1756 raditum

178 1810 357 1870 crrrtoritute
390 1833 448 1871 uon
480 1811 635 1871 lateralem
666 1822 727 1885 ast3
751 1810 813 1871 ulid
839 1832 930 1893 ouqrre
952 1812 1096 1892 grauiora
1121 1819 1296 1893 argumente

618 1936 689 1985 siuet
712 1926 853 2007 peteuda.

222 2112 325 2175 Paulo
349 2133 456 2197 supra,
476 2133 550 2196 pag.
573 2112 625 2193 13,
645 2113 708 2174 iam
728 2119 894 2175 narratum
914 2118 973 2192 est,
995 2109 1192 2172 Merkelium
1214 2116 1297 2172 cete-

178 2238 291 2301 rosque
326 2217 380 2300 qui
416 2217 445 2278 ei
480 2218 695 2280 assentiantur
731 2217 763 2280 in
800 2214 1002 2280 darunrandis
1026 2215 1088 2277 illis
1112 2214 1186 2277 libri
1211 2213 1296 2277 VIII

175 2321 320 2383 versibus
355 2321 579 2383 auctoritatem
603 2322 748 2385 codicum
772 2321 927 2385 Marciani
952 2327 984 2382 ct
1008 2319 1223 2383 Laurentiani
1249 2340 1296 2382 se-

177 2433 266 2489 cutos
302 2446 381 2488 esse.
417 2424 525 2487 Etiam
552 2425 707 2491 Heinsius
730 2447 886 2512 persaepe
910 2446 1022 2488 versus
1046 2425 1107 2488 sibi
1131 2431 1297 2509 suspectos

171 2531 321 2594 ‚codicum
366 2530 433 2593 sola
476 2532 667 2595 auctoritate
703 2555 780 2596 usus
815 2530 1007 2615 relegandos
1043 2530 1179 2614 putarit.
1216 2528 1296 2592 Cum

175 2656 286 2700 versus
321 2637 435 2720 aliquis
471 2639 577 2722 aliqua
612 2637 651 2700 de
687 2659 781 2701 causa
813 2635 1009 2716 offendebat,
1049 2655 1146 2720 saepe
1183 2634 1223 2697 dc
1260 2655 1297 2697 eo

174 2748 281 2804 aetum
316 2747 395 2822 erat,
431 2743 456 2803 si
492 2742 595 2805 codex
630 2763 695 2805 non
719 2743 822 2805 malus
846 2763 921 2805 eum
946 2741 1116 2804 omittebat
1140 2747 1172 2803 et
1196 2760 1295 2803 versu

175 2867 212 2910 eo
238 2847 353 2910 omisso
378 2847 574 2910 continuatio
594 2849 785 2911 narrationis
811 2868 874 2910 non
898 2844 1072 2909 admodum
1096 2845 1296 2909 turbabatur.

176 2950 270 3024 Quod
293 2952 319 3013 si
344 2951 482 3034 cuipiam
506 2951 621 3014 mirum
647 2954 783 3032 videtur,
808 2954 840 3014 in
865 2951 972 3014 trvidii
993 2950 1297 3035 metamorphoseon

174 3056 263 3120 libris
293 3057 357 3119 iam
386 3057 425 3118 ab
451 3055 587 3119 Heinsio
612 3058 731 3120 factum
757 3079 826 3120 esso
852 3056 937 3119 idem
964 3055 1049 3138 quod
1073 3056 1145 3140 plus
1171 3054 1297 3118 duobus

177 3161 307 3224 demum
331 3161 466 3223 saeculis
490 3168 562 3245 post
585 3163 619 3224 in
641 3162 778 3225 Horatio
802 3162 999 3244 Peerlkamp
1024 3182 1121 3223 ausus
1145 3160 1297 3239 est‚hacc

174 3287 225 3330 res
244 3267 378 3329 fortasse
389 3266 464 3328 inde
480 3268 635 3351 explicari
648 3275 765 3352 potest,
779 3267 864 3351 quod
879 3266 1003 3329 codices
1017 3264 1147 3327 Horatii
1161 3254 1297 3327 nurnero

176 3392 326 3434 versuum
362 3391 425 3435 non
451 3371 532 3433 inter
556 3393 589 3434 se
614 3372 806 3457 discrepant,
832 3379 942 3434 contra
969 3370 1042 3433 libri
1066 3391 1163 3432 manu
1187 3370 1299 3454 scripti

176 3476 229 3559 qui
253 3475 530 3560 Metamorphoses
555 3478 720 3540 continent
743 3478 803 3540 hac
827 3479 860 3539 in
884 3497 917 3538 re
944 3476 1074 3537 minime
1101 3482 1296 3557 congruunt.

178 3578 378 3663 Quicumque
416 3581 515 3664 igitur
550 3582 584 3643 in
619 3580 734 3644 Ovidio
771 3583 880 3667 spuria
915 3582 1019 3642 inesse
1049 3580 1298 3662 contenderunt,

177 3685 277 3747 multo
303 3684 427 3747 facilius
452 3686 521 3748 aliis
545 3696 775 3770 persuaserunt
798 3710 894 3771 quam
919 3687 973 3771 qui
997 3685 1037 3748 de
1060 3684 1198 3748 Horatio
1209 3685 1300 3749 idem

176 3790 439 3873 pronuntiarunt.
476 3789 562 3853 Fieri
597 3799 704 3876 potest
740 3800 776 3855 ut
800 3793 914 3856 cadem
939 3814 989 3855 res
1012 3793 1046 3855 in
1069 3814 1165 3856 causa
1188 3792 1301 3875 fuerit,

177 3915 233 3957 cur
254 3893 422 3959 Bentleius
440 3896 473 3957 in
492 3895 682 3960 damnandis
697 3898 841 3961 versibus
853 3897 1041 3960 Horatianis
1054 3899 1154 3962 multo
1171 3899 1301 3962 cautius

177 3999 282 4083 egerit
304 4020 400 4083 qnam
424 4001 458 4063 in
482 4000 658 4066 Ovidianis.

221 4102 380 4174 Quoniam
416 4113 523 4169 autem
550 4108 657 4192 magni
683 4107 791 4187 refert,
816 4107 967 4169 solidisne
992 4107 1032 4170 de
1058 4107 1160 4170 causis
1183 4128 1299 4172 versus

177 4208 291 4290 aliquis
326 4211 519 4293 secludatur,
546 4213 660 4296 inquiri
686 4218 823 4298 oportet,
848 4235 924 4274 num
950 4234 991 4275 ex
1016 4213 1160 4275 codicum
1186 4220 1298 4276 aucto-

176 4313 270 4375 ritate
306 4315 388 4376 iusta
418 4323 607 4400 argumenta
631 4318 699 4403 peti
722 4318 855 4401 possInt,
880 4319 905 4379 si
931 4316 1219 4380 demonstrandum
1244 4320 1297 4397 sit,

175 4425 284 4481 utrum
307 4440 418 4483 versus
443 4422 568 4505 spurius
592 4422 633 4484 sit
656 4445 697 4485 an
720 4423 891 4507 genuinus.
914 4422 958 4484 Et
982 4423 1058 4485 olim
1083 4430 1115 4485 et
1139 4443 1224 4486 nune
1238 4425 1298 4486 sed
