3298 5134
877 509 896 570 6

371 693 489 758 Postea
534 693 718 758 Richard
764 695 946 781 Bentley
995 694 1255 781 (1662-1742),
1290 701 1344 785 qui
1378 703 1444 766 iam

327 807 422 864 antoa
463 799 644 863 Phalaridis
682 802 835 884 epistulas
875 803 999 886 spurios
1043 822 1112 864 csso
1157 802 1444 888 demonstraverat,

327 905 424 969 otiam
465 906 647 969 auctoribus
688 905 812 969 Latinis
847 908 955 991 spuria
991 907 1097 970 inesse
1133 891 1308 992 contendit,
1343 914 1444 976 multa

325 1012 358 1074 in
388 1011 513 1074 Manilii
537 1012 779 1094 Astronornicis,
803 1011 955 1096 pauciora
978 1013 1012 1074 in
1035 1011 1182 1096 Horatio,
1209 1014 1337 1096 Ouidio,
1362 1017 1442 1079 aliis.

325 1115 390 1179 Sed
413 1117 446 1178 in
469 1116 606 1180 Horatio
630 1118 850 1181 cautissimum
875 1138 908 1180 se
932 1117 1101 1201 praestitit.

369 1219 473 1284 Paulo
509 1229 584 1284 antc
617 1222 803 1285 Bentleiurn
838 1223 920 1284 vixit
943 1221 1105 1285 Iohannes
1129 1223 1317 1289 Harduinus
1343 1226 1442 1308 (1646

329 1327 482 1407 -1729),
507 1347 524 1389 e
549 1329 702 1391 societate
725 1327 810 1390 Iesu.
857 1326 921 1389 Hic
944 1348 1046 1410 usque
1071 1349 1108 1391 eo
1132 1329 1298 1412 processit,
1322 1338 1443 1396 utnon

326 1435 429 1496 solum
453 1439 554 1496 totam
577 1433 714 1517 Vergilii
737 1431 918 1494 Aeneidem
943 1433 1085 1516 spuriam
1110 1439 1142 1495 et
1157 1433 1305 1512 „Horatii
1327 1444 1443 1520 poetae

326 1538 406 1600 nihil
440 1559 608 1622 superesse
643 1538 820 1622 genuinum
844 1544 973 1621 praeter
997 1536 1148 1620 epistolas
1173 1545 1205 1600 et
1223 1541 1406 1603 sermones''
1422 1543 1443 1623 ¹)

326 1643 545 1724 contenderet,
580 1643 637 1705 scd
675 1643 772 1704 etiarn
807 1662 957 1725 magnam
988 1647 1113 1724 partem
1138 1642 1272 1705 aliorum
1297 1653 1442 1708 veterum

325 1750 515 1833 scriptorum
540 1754 572 1810 st
595 1747 802 1832 profanorum
828 1753 859 1808 et
884 1745 1170 1808 ecclesiasticorum
1195 1749 1444 1813 subditiciamct

325 1853 461 1939 posteris
484 1854 620 1916 saeculis
644 1852 812 1915 confictam
836 1857 992 1913 statueret
1007 1851 1041 1932 2).

371 1958 433 2030 Qui
466 1959 542 2020 licet
577 1959 675 2021 nimio
700 1957 852 2040 abreptus
876 1955 981 2018 studio
1008 1955 1138 2018 modum
1164 1959 1339 2021 excesserit
1362 1962 1443 2023 mul-

324 2064 412 2148 tique
436 2063 534 2126 talem
559 2063 716 2125 rationem
740 2060 1013 2145 impugnaverint,
1039 2081 1088 2122 res
1112 2067 1222 2122 tamen
1245 2061 1316 2146 ipsa
1339 2065 1440 2130 nihilo

325 2168 430 2231 minus
476 2168 603 2230 mansit.
653 2165 856 2229 Ieremias
904 2163 1126 2227 Markland
1169 2165 1441 2253 (1693-1776),

324 2273 560 2336 Lodevicus
611 2271 820 2356 Caspa1·ns
866 2271 1131 2334 Valckenacr
1179 2270 1441 2356 (1715-1785),

324 2378 549 2440 Friedrich
593 2377 752 2460 August
801 2375 914 2438 Wolf
960 2376 1228 2458 (1758-1824),
1277 2378 1442 2462 August

265 2536 267 2541 .
323 2481 563 2545 Perdinand
595 2480 737 2544 Naeke
766 2480 995 2561 (1788-1838),
1019 2480 1191 2565 Philipp
1216 2480 1441 2546 Buttmann

324 2585 583 2666 (176441829),
614 2585 648 2647 hi
683 2605 794 2647 omnes
812 2591 901 2647 —ut
926 2605 943 2646 c
967 2585 1075 2646 multis
1099 2587 1193 2669 pauci
1217 2587 1276 2649 viri
1299 2588 1442 2673 primarii

323 2691 529 2753 nominentur
567 2728 604 2734 -
639 2688 776 2752 eandem
813 2690 969 2751 rationem
1002 2689 1229 2773 adhibuerunt,
1264 2692 1321 2755 sed
1345 2695 1439 2757 certis

322 2795 531 2880 angustisque
556 2794 827 2878 circumscriptam
850 2794 977 2857 finibus.

365 2976 482 3040 Nostro
521 2983 630 3039 autem
653 2976 781 3038 saeculo
805 2977 895 3038 novis
920 2977 1109 3060 magnisque
1134 2977 1256 3041 viribus
1279 2979 1334 3042 illa
1358 2981 1439 3042 ratio

322 3089 415 3144 aucta
450 3087 508 3161 est,
534 3102 606 3143 oum
629 3080 790 3143 Petrus
814 3080 1021 3143 Hoffman
1045 3081 1312 3167 Peerlkamp
1338 3083 1437 3163 (1786

324 3186 465 3267 -1865)
489 3185 617 3248 Horatii
643 3185 784 3247 carmina
808 3184 909 3247 edidit
933 3207 1016 3248 anno
1044 3187 1138 3248 1834.
1163 3185 1196 3249 Is
1222 3208 1340 3271 magno
1365 3210 1438 3250 acu·

320 3290 406 3353 mine
430 3297 462 3353 et
486 3310 611 3352 summa
635 3290 814 3352 constantia
837 3289 897 3352 hac
915 3291 966 3352 via
979 3311 1119 3375 porgens
1134 3293 1312 3375 permultos
1327 3314 1437 3357 versus

320 3400 484 3478 tamquam
507 3393 644 3456 Horatio
671 3392 821 3477 indignos
844 3395 977 3457 notavit.
1005 3393 1102 3458 Cuius
1128 3395 1226 3460 editio
1252 3399 1356 3482 primo
1382 3419 1437 3461 ne·

319 3500 425 3583 glecta
459 3505 515 3562 aut
550 3497 656 3560 animo
690 3497 824 3560 adverso
850 3504 882 3560 ct
905 3499 1034 3561 inimico
1059 3507 1202 3584 accepta,
1227 3523 1303 3564 mox
1328 3509 1438 3566 tamen

320 3604 463 3666 omnium
503 3603 627 3666 animos
661 3602 695 3663 in
730 3622 764 3664 sc
800 3603 967 3665 convertit.
1006 3603 1102 3667 Multi
1138 3606 1206 3668 eius
1244 3608 1438 3671 exstiterunt

318 3709 506 3773 adversarii:
531 3708 633 3790 multi,
662 3729 767 3791 neque
791 3707 813 3769 ii
838 3708 962 3770 obscuri
987 3709 1141 3793 ignotive,
1167 3711 1196 3773 ei
1220 3720 1434 3792 accesserunt,

319 3815 452 3898 eiusque
475 3815 633 3877 rationem
656 3819 927 3899 propagaverunt.

362 3919 414 3981 Ex
437 3920 553 4003 quibus
576 3941 669 3999 unus,
693 3919 950 4003 pugnacissimus
973 3919 1119 4000 tortasse,
1143 3919 1181 3983 O.
1205 3920 1241 3982 F.
1267 3919 1435 4006 Gruppo

317 4023 576 4105 (1804-1876),
632 4023 719 4087 haud
767 4023 873 4106 parvis
908 4023 1007 4105 libris,
1045 4026 1160 4109 quibus
1195 4025 1326 4089 nomina
1361 4033 1435 4089 sunt

317 4128 442 4211 ,Minos'
479 4127 592 4210 (1859)
634 4134 667 4190 et
704 4125 852 4207 ,Aeacus'
891 4127 1005 4210 (1872)
1041 4130 1175 4192 firmiter
1209 4129 1434 4214 intrepidoque

315 4316 460 4324 .—

357 4393 385 4466 1)
428 4393 711 4470 Pseudo-Vergilius
732 4397 761 4451 et
784 4393 1059 4453 Pseudo-Horatius
1080 4415 1139 4453 nna
1160 4395 1433 4470 prodieruntllssil.

355 4475 384 4546 2)
426 4475 449 4532 Ι.
472 4473 620 4530 Hsrduini
641 4473 768 4532 lasuitae
790 4475 827 4532 ad
848 4493 1002 4534 censuram
1025 4476 1202 4554 scriptorum
1220 4483 1352 4535 veterum
1366 4497 1432 4556 pro-

313 4551 475 4631 legomena,
499 4554 585 4616 1767.
