3298 5134
855 479 896 540 24

363 658 539 726 Cassius
576 662 766 747 Salanus,
802 664 962 744 adquam
987 661 1089 725 exP.
1114 660 1160 742 II,
1185 663 1215 722 5.
1240 677 1337 740 quem
1369 660 1437 738 ,iu-

317 786 437 829 venum
459 767 619 854 princeps,
643 772 694 834 oui
718 770 774 834 dat
797 770 972 833 Germania
986 787 1115 847 nomen,
1137 764 1327 851 participem
1340 764 1439 827 studii

319 869 437 934 Caesar
459 872 579 936 habere
603 873 705 938 solet'’
730 874 782 955 (41
810 874 891 958 sqq.)

318 974 417 1057 11‚5,7
428 996 435 1037 :
451 975 555 1055 ,Nam
569 978 685 1041 fuerim
698 980 844 1063 quamvis
856 977 981 1040 modico
997 977 1055 1039 tibi
1069 976 1197 1037 iunotns
1210 974 1250 1037 ab
1263 973 1345 1036 usu'’

364 1082 404 1142 63
454 1080 524 1160 ,Tu
547 1102 674 1166 quoque
697 1083 862 1146 Pieridum
888 1082 1004 1162 studio,
1029 1079 1170 1143 studiose
1195 1079 1315 1142 teneris

494 1186 690 1269 ingenioque
709 1188 798 1251 faves
821 1186 999 1271 ingeniose,
1024 1183 1117 1247 meo'’

351 1358 446 1425 'Satis
475 1384 611 1447 magnus
643 1365 742 1449 igitur
765 1373 814 1429 est
837 1386 990 1430 numerus
1013 1368 1193 1448 poetarum,
1218 1383 1298 1446 quos
1320 1361 1438 1447 puerili

318 1470 424 1528 aetate
449 1465 584 1531 Ovidius
606 1468 731 1532 audivit
753 1470 908 1555 viditque,
933 1469 1032 1533 coluit
1055 1475 1088 1532 et
1111 1473 1285 1530 veneratus
1309 1473 1367 1547 est,
1381 1471 1437 1529 aut

318 1570 545 1635 maturioribus
586 1573 619 1635 in
649 1575 740 1636 annis
775 1574 926 1638 sodalioio
961 1572 1175 1656 familiarique
1213 1573 1342 1635 vineulo
1377 1570 1437 1634 sibi

319 1675 504 1738 coniunctos
538 1677 661 1740 habuit.
699 1678 814 1762 Neque
850 1678 983 1742 dubium
1019 1683 1077 1758 est,
1102 1677 1179 1761 quin
1203 1677 1318 1739 notitia
1342 1682 1438 1759 atque

319 1780 516 1844 consuetudo
554 1781 669 1845 horum
701 1790 881 1869 poetarum,
906 1804 1043 1867 quorum
1066 1783 1174 1868 plures
1198 1802 1274 1844 vere
1297 1781 1438 1843 illustres

319 1891 421 1966 erant,
457 1885 498 1948 ad
535 1888 751 1951 excolendum
786 1889 855 1952 eius
885 1889 1062 1972 ingenium,
1086 1885 1380 1972 perficiendamque
1405 1890 1438 1947 et

319 1989 548 2075 expoliendam
572 1992 641 2055 eius
665 1999 767 2056 artem
789 2014 1004 2079 permagnum
1027 1992 1176 2055 valuisse.
1202 1991 1309 2063 Quare
1333 2009 1438 2073 neque

318 2091 435 2158 mirum
460 2101 518 2177 est,
541 2096 580 2159 iis
603 2097 707 2181 poetis
731 2099 785 2182 qui
809 2106 876 2162 tam
899 2097 1049 2160 familiari
1061 2097 1145 2159 inter
1158 2117 1191 2159 se
1205 2094 1437 2159 consuetudine

319 2207 498 2282 uterentur,
534 2201 672 2286 plurima
704 2209 894 2286 argumenta
919 2201 1101 2265 eommunia
1124 2200 1222 2263 fuisse
1247 2200 1437 2286 permultas-

320 2324 383 2387 que
417 2304 595 2367 locutiones
630 2306 759 2369 similes.
790 2305 900 2386 Atque
924 2306 1052 2389 saepius
1077 2326 1131 2368 eos
1154 2325 1219 2368 non
1243 2304 1318 2367 data
1342 2324 1440 2389 opera

320 2410 377 2474 sed
411 2409 528 2473 invitos
564 2411 729 2492 nonnulla,
766 2432 824 2475 seu
862 2412 943 2474 siout
972 2410 1076 2495 posita
1114 2415 1221 2472 essent
1244 2430 1301 2471 seu
1324 2407 1439 2470 leviter

321 2519 444 2578 mutata
477 2514 561 2576 inter
595 2535 629 2577 se
662 2515 860 2578 mutuavisse
895 2536 996 2600 prope
1030 2515 1248 2577 necessarium
1273 2519 1351 2576 erat.
1387 2511 1440 2575 sic

321 2621 419 2684 etiam
451 2618 537 2704 apud
562 2617 726 2701 Ovidium,
751 2621 805 2700 qui
829 2640 958 2683 omnem
982 2620 1081 2682 vitam
1105 2617 1207 2680 Musis
1222 2617 1439 2698 dedicaverat,

320 2725 480 2806 permulta
514 2725 723 2788 inveniuntur
757 2746 840 2809 quae
864 2725 1000 2789 aliorum
1025 2723 1169 2786 versibus
1193 2730 1249 2786 aut
1271 2721 1440 2786 locutioni-

320 2830 380 2894 bus
412 2829 528 2892 similia
566 2830 638 2892 sint.
664 2828 728 2893 Sed
753 2850 827 2893 oum
851 2830 992 2914 ingenio,
1017 2829 1215 2909 inventione,
1240 2833 1308 2891 arte
1333 2827 1440 2890 defici-

322 2932 451 2997 entibus
485 2932 525 2995 de
561 2934 705 2997 consulto
740 2934 819 2997 alios
852 2933 1014 2997 imitatum
1047 2954 1127 3014 esse,
1151 2932 1284 2995 minime
1308 2933 1440 2996 ereden-

323 3038 401 3102 dum
425 3041 483 3100 est.

390 3200 408 3282 ξ
432 3202 461 3263 3.
512 3196 703 3261 Carminibus
726 3202 787 3260 suis
814 3198 938 3260 Ovidius
961 3223 1031 3262 mor
1050 3199 1169 3281 populo
1195 3211 1282 3261 notus
1306 3213 1380 3262 erat.

368 3362 408 3427 In
441 3363 503 3425 illis
538 3362 637 3448 igitur
673 3362 726 3444 (of.
763 3386 837 3451 pag.
870 3364 925 3444 21)
950 3363 1160 3427 conventibus
1183 3363 1362 3445 hominum,
1387 3364 1441 3447 qui

324 3488 436 3532 omnes
471 3466 653 3530 litterarum
688 3474 779 3530 erant
807 3468 1029 3550 amantissimi,
1053 3470 1151 3532 etiam
1176 3467 1308 3533 Ovidius
1331 3470 1440 3534 admo·

324 3572 403 3637 dum
437 3592 518 3658 puer
552 3572 694 3635 earmina
728 3594 786 3636 sua
815 3571 972 3636 recitavit.
1009 3573 1234 3637 Posteroribus
1259 3576 1361 3656 annis,
1385 3576 1441 3639 ubi

324 3677 389 3742 iam
423 3675 530 3760 gravis
563 3675 619 3738 illa
655 3676 863 3761 relegationis
887 3678 1052 3741 calamitas
1076 3680 1117 3743 ob
1141 3680 1283 3743 earmina
1307 3681 1337 3743 ei
1361 3681 1441 3744 aoei-

326 3780 428 3861 derat,
476 3779 510 3842 in
548 3780 686 3864 epistula
720 3779 865 3845 Maximo
902 3781 1015 3846 Cottae
1050 3785 1169 3870 seripta
1203 3791 1296 3868 grato
1334 3787 1440 3849 animo

326 3884 516 3949 memoriam
540 3884 653 3947 reoolit
675 3885 761 3949 illius
784 3886 884 3972 patris
907 3885 951 3950 M.
976 3887 1100 3954 Valerii
1124 3889 1283 3953 Messalae
1301 3889 1441 3974 Corvini,

327 3990 392 4076 qui,
416 3995 452 4053 ut
481 3988 536 4071 ait,
562 4010 604 4052 ex
626 3989 663 4053 P.
687 3989 732 4073 H,
757 3991 788 4072 3,
814 3990 853 4054 77
878 4014 923 4076 sq.

462 4095 615 4181 ,primus,
638 4101 675 4158 ut
697 4094 852 4159 auderem
875 4099 1076 4162 committere
1099 4100 1241 4163 earmina
1264 4101 1381 4183 famae,

504 4199 647 4284 impulit:
670 4200 794 4283 ingenii
817 4199 886 4263 dux
909 4201 970 4264 fuit
993 4203 1048 4265 ille
1072 4203 1166 4268 mei”.

371 4307 558 4374 Admodum
592 4327 730 4393 puerum
764 4313 840 4371 tuno
874 4329 909 4372 se
943 4309 1041 4373 fuisse
1076 4311 1145 4396 ipse
1179 4316 1277 4396 poeta
1306 4317 1443 4376 testatur

371 4413 468 4479 Trist.
491 4411 550 4494 IV,
581 4414 632 4494 10,
656 4415 697 4477 57
722 4434 779 4496 sq.:

463 4519 625 4614 ,carmina
649 4541 721 4584 oum
744 4519 884 4616 primum
906 4522 1026 4613 populo
1049 4522 1202 4592 iuvenilia
1226 4525 1292 4616 legi
