2956 4958
689 404 730 463 89

155 612 205 677 pro
229 588 347 675 spuriis
371 585 541 663 habentur,
565 583 630 646 iam
654 585 872 649 tractavimus,
898 581 978 647 Cum
1003 590 1112 648 autem
1125 582 1183 649 hos
1200 605 1272 649 ver·

157 718 203 760 sus
225 691 448 778 interpolatori
473 695 528 752 aut
552 688 695 752 lalsatori
719 689 871 776 imputari
894 690 1273 754 nonneoessariumcsse

156 799 335 886 apparuerit
370 797 426 860 scd
463 796 563 858 multo
598 796 705 879 potius
743 796 782 859 ab
814 801 945 859 auctore
969 795 1049 881 ipso,
1074 816 1155 881 opus
1178 818 1272 860 suum

157 904 343 969 emendante
367 909 464 985 atque
488 901 700 985 perpoliente,
726 900 884 986 originem
908 900 1040 981 habere,
1066 921 1186 987 operae
1198 922 1272 987 pre·

157 1011 228 1074 tium
271 1015 330 1088 est,
367 1006 465 1069 etiam
502 1005 642 1086 reliquos
678 1012 802 1091 septem
837 1006 924 1068 locos
959 1006 1056 1090 paulo
1092 1007 1272 1069 accuratius

158 1115 318 1199 inspicere.

197 1219 239 1281 Ut
264 1239 349 1297 cum,
374 1216 428 1300 qui
453 1199 596 1278 codicem
621 1214 756 1298 scripsit,
781 1236 892 1278 versus
920 1217 982 1278 164
1006 1238 1070 1301 sq.,
1098 1218 1170 1297 177,
1196 1219 1271 1299 270,

160 1326 224 1404 683,
249 1325 311 1385 617
338 1341 444 1384 111111
470 1319 614 1382 omisisse
639 1319 789 1382 continuo
815 1326 980 1404 appareat,
1006 1342 1061 1384 eos
1081 1320 1270 1385 describam.

280 1452 355 1516 Non
378 1472 469 1514 secus
493 1472 530 1514 ao
554 1450 682 1534 liquidis
705 1450 867 1535 Phrygius
890 1450 1085 1514 Maeandrus
1108 1452 1143 1514 in
1165 1452 1260 1516 undis

280 1557 363 1621 ludit
387 1565 419 1620 11
443 1556 594 1640 ambiguo
617 1556 710 1640 lapsu
733 1555 903 1641 refluitque
927 1557 1062 1640 fluitque

201 1665 257 1725 164
281 1682 513 1746 occurrensque
537 1660 598 1724 sibi
621 1668 773 1724 venturas
797 1660 933 1746 adspicit
955 1661 1070 1744 undas,
1263 1742 1265 1747 ⁴

201 1767 257 1830 165
283 1774 315 1830 11
339 1789 423 1831 nunc
447 1767 488 1830 ad
511 1767 626 1848 tontes,
650 1787 736 1829 nunc
759 1765 799 1830 ad
821 1786 909 1830 mare
933 1787 1045 1830 versus
1068 1773 1216 1852 apertum

281 1876 418 1938 incertas
443 1880 574 1937 exercet
597 1893 711 1957 aquas:
735 1873 780 1935 ita
803 1871 969 1935 Daedalus
993 1872 1106 1958 implet

282 1981 467 2044 innumeras
491 1998 598 2042 crrorc
622 1977 700 2040 vias.

591 2107 749 2170 Desertae
775 2112 807 2168 et
830 2106 932 2168 multa
955 2106 1103 2190 querenti

201 2214 256 2276 177
282 2214 452 2299 amplexus
477 2219 509 2275 et
533 2200 630 2297 opem'
650 2210 749 2274 Liber
773 2211 863 2291 tulit;
886 2217 986 2295 utque
1009 2211 1146 2296 perenni

282 2319 386 2382 sidere
412 2319 495 2381 clara
519 2318 612 2398 foret,
636 2321 798 2402 sumptam
822 2316 862 2378 de
887 2316 991 2380 fronte
1014 2338 1163 2380 coronam

283 2421 415 2486 immisit
438 2423 527 2486 coelo
553 2472 559 2486 .
586 2470 592 2485 .
619 2472 625 2486 .
651 2444 718 2507 sqq.

281 2553 449 2639 Sparserat
472 2553 640 2638 Argolicas
664 2573 783 2616 nomen
806 2573 889 2636 vaga
913 2552 999 2615 fama
1018 2573 1076 2637 per
1099 2551 1195 2614 urbes

282 2659 435 2739 Theseos,
461 2664 493 2721 11
515 2658 637 2743 populi,
663 2679 741 2741 quos
765 2656 855 2720 dives
877 2655 1002 2720 Achaia
1027 2657 1123 2744 cepit,

280 2763 376 2827 huius
400 2784 495 2849 opem
519 2763 644 2847 magnis
667 2763 881 2847 imploravere
901 2761 1038 2847 periclis.

198 2866 259 2930 276
280 2869 388 2932 Huius
412 2890 507 2954 opem
531 2867 685 2952 Calydon,
710 2867 856 2948 quamvis
878 2867 1068 2952 Meleagron
1091 2867 1237 2950 haberet,

280 2973 415 3036 sollicita
439 2973 578 3058 supplex
601 2972 696 3057 petiit
719 2992 826 3057 prece.
851 2970 954 3036 Causa
978 2972 1112 3057 petendi

282 3101 334 3142 sus
359 3084 437 3159 erat,
462 3078 598 3141 infestae
622 3078 762 3141 famulus
787 3077 972 3162 vindexque
996 3077 1134 3141 Dianae.

280 3207 419 3272 Attoniti
443 3209 585 3272 novitate
609 3215 730 3294 pavent
753 3208 966 3293 manibusque
991 3209 1113 3294 supinis

280 3314 464 3399 concipiunt
487 3313 669 3398 Baucisque
692 3335 804 3399 preces
829 3314 1025 3398 timidusque
1048 3313 1223 3376 Philemon

201 3413 258 3479 683
282 3425 314 3481 11
337 3419 464 3482 veniam
490 3419 626 3504 dapibus
649 3420 809 3504 nullisque
832 3420 999 3505 paratibus
1022 3424 1124 3483 orant.

280 3524 403 3587 Unicus
427 3545 520 3587 anser
544 3531 623 3607 erat,
647 3525 799 3588 minimae
823 3525 968 3589 custodia
992 3525 1105 3591 villae:

280 3651 376 3715 quem
400 3630 448 3693 dis
470 3630 650 3715 hospitibus
674 3629 796 3693 domini
819 3636 960 3695 mactare
983 3629 1151 3716 parabant.

503 3768 646 3849 (Fames)
661 3817 668 3831 .
683 3816 711 3832 ..
736 3789 859 3854 perque
884 3771 958 3832 11111
982 3774 1079 3832 vento
1196 3837 1198 3841 ,

280 3873 321 3937 ad
344 3874 464 3937 iussam
488 3874 595 3937 delata
618 3874 747 3936 domum
772 3881 820 3938 est
845 3881 877 3938 11
899 3873 1045 3960 protinus
1069 3874 1167 3936 intrat

200 3973 255 4040 817
281 3979 429 4062 sacrilegi
453 3979 610 4041 thalamos
634 3979 764 4059 altoque
789 4000 903 4064 sopore
928 3979 1069 4042 solutum

281 4084 396 4167 (noctis
420 4084 505 4145 enim
529 4084 670 4168 tempus)
690 4084 828 4168 geminis
852 4084 1056 4170 amplectitur
1079 4083 1180 4146 ulnis:
1200 4104 1268 4168 sqq.

199 4264 366 4337 Praeterea
401 4274 433 4336 in
461 4272 617 4337 Marciani
641 4279 735 4337 textu
760 4274 868 4339 omissi
892 4281 966 4339 sunt
989 4297 1051 4338 vss.
1080 4271 1267 4353 340-402,

86 4432 90 4438 .
166 4385 286 4443 &manu
310 4388 420 4442 tamen
443 4379 619 4463 posteriore
644 4379 677 4440 in
701 4380 845 4464 margine
870 4380 1031 4465 adscripti.
1055 4378 1163 4441 Etiam
1177 4376 1210 4439 hi
1225 4379 1266 4439 63

166 4491 259 4549 versus
281 4488 369 4550 nullo
394 4485 489 4549 modo
513 4484 626 4547 deesse
649 4493 800 4570 possunt;
824 4492 921 4571 atque
944 4484 1037 4548 facile
1062 4483 1267 4547 1111111111-
