3298 5134
803 551 843 614 27

265 739 353 802 mina
389 757 457 818 sua,
492 736 608 799 Artem
642 737 772 818 scilicet,
807 734 1015 821 relegationis
1050 756 1179 800 causam
1203 737 1301 802 fuisse
1327 762 1386 826 pro

264 851 352 908 certo
386 843 547 907 habuisse.
581 842 624 905 Et
659 863 732 905 0111
770 862 843 905 eam
876 841 916 904 ad
940 840 1127 924 Augustum
1152 843 1333 929 scripserit,
1349 852 1386 909 ut

263 951 426 1013 mitiorem
456 969 595 1034 poenam
619 947 790 1029 obtineret,
815 946 968 1010 credibile
995 968 1060 1010 non
1084 956 1133 1011 est
1165 969 1240 1011 eum
1259 970 1387 1036 semper

263 1075 456 1140 semperque
492 1053 605 1116 falsam
647 1053 737 1116 exilii
772 1074 901 1116 causam
939 1052 1129 1136 protulisse:
1163 1054 1227 1116 tale
1252 1054 1383 1118 menda-

263 1161 350 1222 cium
374 1159 505 1222 consilio
530 1158 600 1221 eius
624 1157 836 1221 vehementer
863 1157 1035 1222 nocuisset.

315 1263 361 1326 At
384 1249 479 1326 Trist.
503 1261 548 1344 H,
574 1265 637 1326 539
661 1285 728 1348 sqq.
754 1264 823 1348 ipse
847 1262 888 1326 ad
910 1261 1098 1347 Augustum
1122 1261 1214 1325 dicit:

401 1367 487 1448 ,Nos
511 1388 639 1452 quoque
662 1369 727 1430 iam
751 1367 876 1453 pridem
900 1368 1018 1452 scripto
1041 1368 1246 1454 peccavimus
1269 1370 1349 1432 isto:

443 1473 636 1557 supplicium
658 1473 780 1559 patitur
802 1494 867 1536 101
891 1494 974 1536 nova
998 1473 1092 1558 culpa
1116 1494 1252 1536 novum:

400 1578 604 1662 carminaque
629 1577 804 1659 edideram,
829 1599 902 1641 cum
926 1584 958 1641 te
982 1577 1100 1642 delicta
1123 1584 1290 1642 notantem

442 1683 594 1767 praeterii
618 1682 736 1746 totiens
760 1685 830 1746 iure
854 1684 983 1768 quietus
1007 1705 1117 1769 eques.

399 1785 486 1870 Ergo
510 1807 593 1872 quae
617 1787 726 1850 iuveni
750 1787 829 1850 mihi
852 1809 917 1851 101
940 1789 1086 1854 nocitura
1109 1789 1222 1874 putavi

444 1891 561 1976 scripta
583 1912 698 1976 parum
721 1891 873 1977 prudens,
897 1911 983 1956 nuuc
1005 1913 1144 1957 nocuere
1168 1892 1268 1956 seni''.

311 1994 459 2081 Apparet
493 1997 592 2081 igitur
621 1996 736 2059 Artem
760 1998 862 2060 solam
885 2019 951 2061 101
973 1999 1087 2062 fecisse
1111 2004 1147 2062 ut
1171 1996 1317 2062 Caesaris
1339 1999 1387 2062 111

263 2102 298 2164 11
322 2106 419 2186 caput
442 2102 581 2165 auctoris
605 2108 800 2187 erumperet.
826 2101 890 2164 Sed
915 2101 1024 2183 (Trist.
1049 2102 1094 2184 H,
1122 2104 1199 2184 109)
1226 2103 1301 2183 ,illa
1321 2102 1384 2185 die,

266 2225 330 2288 qua
355 2225 406 2268 me
430 2207 533 2270 malus
557 2207 689 2270 abstulit
713 2207 819 2270 error'’
829 2207 851 2288 ¹)
875 2213 945 2271 tum
968 2207 1099 2271 demum
1121 2206 1291 2292 Augustus
1304 2209 1386 2271 iram

266 2312 387 2376 diutius
412 2312 576 2375 continere
599 2333 664 2375 101
688 2313 810 2393 potuit:

311 2416 407 2480 Trist.
422 2415 485 2493 HI,
502 2419 531 2498 6,
546 2420 586 2479 26

401 2521 678 2609 „principiumque
702 2523 767 2584 mei
791 2522 931 2584 criminis
956 2543 1043 2584 01101
1067 2521 1195 2585 habet''.

266 2625 329 2698 Qui
353 2626 450 2689 fuerit
471 2627 526 2689 ille
551 2648 649 2708 error,
673 2632 770 2711 poeta
793 2647 859 2689 101
882 2625 978 2689 dicit:

265 2734 375 2816 27sqq.
403 2730 492 2812 ,Nec
518 2732 627 2813 breve,
647 2752 707 2795 100
726 2737 843 2811 tutum,
863 2751 925 2814 quo
946 2729 1009 2793 sint
1029 2750 1112 2811 mea,
1133 2730 1250 2811 dicere,
1271 2751 1359 2811 casu,

441 2836 564 2899 lumina
587 2836 706 2899 funesti
731 2835 856 2898 conscia
880 2834 964 2897 facta
988 2835 1081 2897 mali:

396 2961 551 3025 mensque
575 2939 773 3020 reformidat,
797 2939 899 3002 veluti
922 2960 980 3001 sua
1003 2939 1148 3020 vulnera,
1173 2945 1302 3024 tempus

443 3046 523 3109 illud
547 3052 580 3108 et
603 3044 770 3108 admonitu
793 3044 829 3105 fit
852 3065 954 3106 novus
977 3044 1047 3128 ipse
1071 3044 1178 3107 dolor:

398 3158 430 3214 01
453 3169 675 3235 quaecumque
700 3148 780 3212 adeo
805 3154 939 3233 possunt
963 3148 1089 3211 adferre
1112 3148 1281 3234 pudorem,

441 3257 497 3320 illa
521 3257 588 3339 tegi
611 3275 706 3318 caeca
731 3253 859 3316 condita
883 3258 977 3316 nocte
1001 3252 1105 3316 dccet.

396 3361 452 3425 Nil
475 3361 574 3446 igitur
597 3360 746 3439 referam,
770 3358 832 3421 nisi
858 3378 908 3420 me
932 3375 1093 3441 peccasse,
1118 3355 1176 3419 sed
1198 3357 1254 3420 illo

444 3465 589 3551 praemia
611 3470 745 3550 peccato
769 3463 859 3526 nulla
882 3463 984 3546 petita
1007 3461 1098 3542 mihi,

398 3571 652 3655 stultitiamque.
669 3619 675 3632 .
693 3618 700 3632 .
715 3618 722 3631 .
737 3568 755 3595 ’'
779 3590 846 3653 sqq.

309 3674 395 3738 Illud
418 3675 538 3738 factum
562 3676 660 3760 igitur
684 3674 818 3737 fortasse
843 3691 970 3757 semper
990 3676 1198 3734 0100110010
1218 3668 1383 3732 conditum

265 3779 418 3860 mauebit,
453 3780 598 3863 quamvis
633 3778 693 3840 viri
730 3778 816 3841 docti
851 3777 1008 3860 ingenosc
1040 3775 1180 3838 inventis
1211 3773 1383 3858 caliginem

264 3904 431 3947 removere
456 3891 622 3947 conentur.

308 3987 381 4051 Hoc
403 4009 479 4051 vero
503 3994 603 4073 patet,
624 3987 776 4072 quioquid
796 3985 958 4068 acciderit,
979 4007 1120 4050 01101011
1140 3985 1233 4047 illum
1252 3983 1382 4047 vinculo

265 4092 403 4175 quodam
423 4093 597 4157 cohaerere
617 4114 689 4155 cum
708 4090 903 4155 carminibus
921 4097 1032 4154 contra
1047 4085 1267 4154 bonos'mores
1280 4087 1382 4151 factis.

267 4223 411 4231 -———..

309 4286 336 4357 1)
377 4285 476 4342 Etiam
499 4285 635 4344 Cornelio
657 4282 744 4342 Gallo
766 4286 869 4358 poetae
890 4282 927 4340 sb
949 4283 1086 4360 Augusto
1107 4281 1185 4338 inter
1205 4278 1384 4356 gravissima

265 4364 390 4421 crimina
421 4365 571 4423 obiectum
602 4368 655 4432 011,
687 4362 765 4440 quod
796 4363 828 4432 Q.
851 4362 1012 4422 Caecilium
1036 4361 1197 4437 Epirotam,
1218 4358 1269 4436 qui
1291 4357 1382 4415 filiam

264 4443 369 4510 Attici,
401 4449 524 4518 nuptam
560 4445 717 4518 Agrippae,
750 4443 890 4501 10011111
923 4442 973 4501 sed
1003 4443 1034 4500 in
1062 4461 1096 4500 01
1119 4446 1273 4515 suspectus
1295 4443 1324 4496 01
1346 4437 1383 4495 ob

264 4523 318 4579 hoc
350 4529 482 4582 remotus
512 4528 584 4589 0111,
616 4524 647 4578 in
678 4517 1383 4600 (1011111111100010111011111111111111110

265 4619 333 4663 oum
354 4621 387 4662 eo
409 4605 532 4664 vixerat.
555 4603 650 4679 (Suet.
675 4601 754 4679 Aug.
775 4601 836 4681 66.)
998 4601 1000 4606 '
