2956 4958
714 359 756 419 44

219 542 385 628 exagitata
419 541 533 606 reddat
567 541 683 626 ignes?
705 541 811 606 Mollit
835 542 919 606 viros
943 543 1055 628 otium,
1082 546 1206 612 ferrum
1230 550 1259 612 si
1274 554 1344 611 t

218 647 359 734 carpitur
383 655 416 711 et
439 648 622 733 rubiginem
645 647 743 727 ducit,
762 646 886 710 desidia
905 647 1064 714 dedocet?
1083 650 1173 716 Naso
1194 654 1283 716 dixi
1294 655 1344 716 t

308 790 395 874 ‘Vidi
419 812 479 876 ego
503 791 637 855 iactatas
661 797 748 854 mota
771 789 841 853 lace
865 811 1009 856 crescere
1035 793 1183 858 flammas

308 902 341 959 et
364 917 473 959 rursus
497 895 586 960 nullo
610 895 815 959 concutiente
838 895 929 958 mori'
955 895 972 922 ''
988 890 1011 978 ¹)

218 1087 347 1151 Deinde
383 1087 534 1151 Ovidium
569 1095 696 1173 compto
732 1094 764 1150 et
800 1087 927 1151 decenti
951 1095 985 1151 et
1007 1090 1140 1153 amabili
1164 1091 1291 1175 ingenio
1325 1080 1344 1108 ¹

174 1193 273 1258 luisse
297 1192 421 1256 Seneca
444 1192 552 1274 docet;
564 1183 588 1273 ²)
613 1193 856 1276 orationemque
872 1193 942 1256 eius
953 1193 1017 1255 iam
1031 1199 1100 1256 tum
1112 1195 1197 1257 nihil
1210 1195 1290 1258 aliud

174 1298 317 1382 potuisse
342 1297 443 1360 videri
468 1319 562 1382 quam
587 1298 727 1361 solutum
751 1318 890 1360 carmen.
915 1296 1035 1378 „Tunc
1055 1319 1129 1361 cum
1150 1299 1289 1362 studeret

176 1402 356 1466 habebatur
390 1403 493 1466 bonus
528 1401 743 1466 declamator”
758 1401 792 1482 ³).
819 1401 1051 1481 „Declamabat
1074 1409 1186 1466 autern
1210 1402 1292 1468 Naso

174 1528 246 1572 raro
270 1507 502 1571 controversias
527 1513 560 1570 et
578 1528 643 1570 non
661 1507 721 1571 nisi
742 1506 881 1588 ethicas3
900 1506 1054 1570 libentius
1073 1507 1205 1571 dicebat
1224 1531 1292 1572 sua·

176 1613 285 1676 sorias.
310 1612 448 1676 Molesta
471 1613 517 1676 illi
541 1619 611 1676 erat
634 1612 737 1676 omnis
761 1611 1021 1696 argumentatio’
1034 1603 1067 1694 ⁴).

219 1716 367 1787 Servavit
385 1737 513 1802 quoque
534 1716 658 1781 Seneca
671 1717 934 1796 controversiam,
949 1737 1045 1800 quam
1058 1717 1128 1802 ipse
1143 1716 1298 1782 Ovidium

175 1820 409 1885 declamantem
439 1822 607 1886 audiverat
619 1819 653 1903 ι”).
681 1821 796 1902 „Hanc
819 1820 1012 1885 declamavit
1036 1829 1111 1885 ante
1127 1822 1301 1887 'Arellium

174 1926 335 1992 Fuscum”
378 1934 420 2010 et,
455 1935 492 1991 ut
527 1927 669 1992 Senecae
705 1926 886 2006 videbatur,
924 1927 1040 2009 „longe
1075 1925 1300 2011 ingeniosius*

175 2027 285 2116 (quarn
319 2032 442 2096 Fuscus
479 2033 535 2114 sc.)
576 2038 734 2117 „excepto
770 2051 819 2111 eo,
855 2030 940 2114 quod
976 2031 1045 2094 sine
1070 2036 1158 2096 certo
1184 2032 1303 2096 ordine

175 2155 234 2220 per
270 2137 356 2201 locos
388 2135 611 2200 discurrerat''.
637 2135 762 2199 Thema
785 2142 855 2198 erat
878 2135 952 2198 hoc:
979 2133 1059 2214 „Vir
1082 2142 1115 2198 et
1138 2157 1227 2199 uxor
1251 2137 1303 2200 iu·

175 2247 338 2322 raverunt,
373 2248 409 2303 ut
442 2241 469 2305 si
493 2240 570 2325 quid
594 2241 687 2305 alteri
711 2240 893 2325 optigisset,
917 2239 999 2302 alter
1022 2244 1216 2303 moreretur.
1247 2238 1304 2304 Vir

176 2363 314 2429 peregre
343 2344 506 2430 profectus
536 2346 621 2408 misit
652 2346 800 2409 nuntium
822 2343 863 2408 ad
877 2365 1025 2425 uxorem,
1038 2344 1092 2428 qui
1105 2344 1232 2408 diceret
1244 2346 1304 2409 de·

177 2448 309 2512 cessisse
354 2450 466 2513 virum.
507 2449 595 2513 Uxor
625 2471 659 2512 se
683 2449 917 2534 praecipitavit.
942 2448 1102 2512 Recreata
1124 2449 1260 2512 iubetur
1286 2472 1306 2514 a

175 2558 267 2637 patre
290 2553 472 2638 relinquere
496 2554 617 2637 virum3
640 2575 705 2617 non
728 2553 807 2617 vult.
832 2552 1042 2616 Abdicatur''.

219 2761 271 2826 De
304 2763 413 2826 amicis
436 2785 530 2849 porro
567 2762 674 2827 Ovidii
710 2763 814 2847 deque
850 2762 1000 2826 familiari
1025 2783 1106 2846 quae
1132 2762 1306 2827 intereos

70 2912 74 2918 ,
174 2867 354 2930 intercessit
377 2867 613 2932 necessitudine
638 2867 761 2931 Seneca
785 2866 943 2952 quaedam
966 2864 1109 2929 tradidit.

220 2971 258 3036 P.
293 2971 511 3054 Vinicius,
546 2979 582 3035 ut
618 2994 715 3058 supra
745 2973 809 3035 iarn
833 2971 982 3050 vidimus,
1006 2991 1149 3034 summus
1172 2978 1306 3038 amator

177 3075 285 3139 Ovidii
319 3076 389 3140 fuit.
421 3076 473 3141 De
497 3098 535 3141 eo
560 3077 682 3141 Seneca
706 3075 766 3140 hoc
789 3083 898 3140 narrat
911 3070 945 3158 ⁶).
970 3076 1051 3140 Cum
1074 3075 1243 3138 Labienus
1269 3076 1306 3139 in

176 3183 392 3246 'controversia
415 3183 553 3267 quadam
577 3181 713 3245 dixisset
736 3182 929 3245 sententiam
950 3182 1047 3264 ‘date
1065 3179 1190 3243 miseris
1212 3181 1305 3264 quod

175 3306 275 3350 unum
310 3286 476 3372 percipere
510 3285 665 3371 gaudium
699 3285 854 3370 possunt'
887 3285 1032 3349 Vinicius
1059 3284 1164 3364 „hunc
1187 3285 1305 3349 aiebat

175 3411 305 3454 sensum
339 3390 547 3454 disertissime
572 3390 658 3476 apud
681 3390 846 3453 Nasonem
870 3389 1022 3455 Ovidium
1047 3411 1117 3454 esse
1141 3390 1302 3475 positum,

175 3517 271 3581 quem
294 3497 335 3560 ad
353 3496 521 3580 fingendas
540 3497 660 3559 similes
679 3496 855 3559 sententias
875 3495 982 3558 aicbat
1003 3495 1159 3558 memoria
1178 3501 1300 3559 tenen-

176 3600 263 3663 dum.
287 3599 419 3664 Occiso”
444 3601 531 3663 enim
558 3599 716 3680 „Achillle
741 3600 800 3662 hoc
825 3599 1041 3685 epiphonema
1064 3600 1159 3684 poni:
