2956 4958
717 364 759 426 ‘ta

207 570 267 612 eam
286 549 343 612 iam
364 554 439 611 ante
464 548 696 633 relegationem
720 548 803 611 banc
827 554 913 609 corte
937 548 1079 610 bibulam
1092 547 1147 610 sed
1164 548 1298 614 fortasse

207 655 414 739 multoplures
437 653 472 716 in
495 674 594 738 opere
617 676 675 718 suo
700 662 841 717 nurtasse
865 662 962 736 atque
988 653 1187 716 eruerulasse.
1215 655 1298 719 Naar

207 760 229 820 si
253 759 394 822 Amorum
416 758 502 839 libri,
527 758 613 843 quod
637 760 734 843 vulgo
759 758 910 837 crodium,
935 780 1000 821 non
1025 760 1125 821 multo
1150 772 1224 823 ante
1251 763 1301 825 rel

207 876 265 947 post
294 862 361 926 eur.
392 885 424 926 n.
448 863 526 926 editi
552 872 636 945 sunt,
661 864 796 927 Ovidius
821 863 898 925 satis
922 863 1054 945 longum
1079 878 1207 948 tempus
1234 866 1301 929 lle·

207 978 267 1030 tam.
286 968 368 1031 libris
386 969 617 1054 componendis
636 969 757 1033 tribuit.
778 968 871 1040 (iuml
891 990 962 1030 <airu
983 968 1011 1029 ei
1033 990 1143 1031 versus
1163 970 1301 1033 seribere

205 1073 367 1137 facillimum
401 1082 487 1137 esset
517 1094 622 1158 neque
649 1074 823 1136 verisimile
848 1073 889 1135 sit
913 1094 987 1135 eum
1012 1073 1094 1136 sieut
1118 1073 1300 1158 Vergilium

205 1179 386 1259 paucissimos
410 1178 462 1241 die
487 1180 703 1263 composuisse
729 1201 849 1258 rursus,
862 1200 920 1263 por
933 1178 1063 1261 longum
1079 1179 1157 1241 illud
1172 1186 1300 1266 tempus

203 1288 244 1344 sat
262 1284 388 1346 multum
412 1283 588 1348 industriae
614 1283 831 1348 emendationi
857 1282 1010 1345 adbibere
1036 1285 1149 1368 potuit.

239 1388 333 1473 Atque
367 1390 442 1454 huic
475 1391 523 1455 rei
553 1391 591 1454 iis
615 1390 815 1476 temporibus
839 1411 988 1471 magnam
1015 1389 1215 1474 diligentiam
1240 1392 1297 1455 im·

204 1494 331 1576 pendisse
366 1502 523 1576 auctores,
558 1517 622 1559 non
647 1497 749 1559 solum
773 1517 814 1556 ex
839 1495 877 1555 iis
901 1503 1036 1578 apparet
1060 1516 1141 1578 quae
1166 1496 1300 1559 lividius

204 1595 259 1680 ipse
288 1599 324 1661 de
356 1598 566 1663 emendandis
590 1601 782 1663 carminibus
806 1599 870 1661 suis
895 1598 926 1660 in
951 1598 1104 1662 'l'ristium
1128 1600 1217 1662 libris
1241 1602 1294 1682 (cf.

204 1721 246 1784 pg.
258 1706 293 1766 34
304 1706 361 1789 sq.)
374 1705 458 1768 dixit
470 1713 503 1768 et
516 1726 596 1790 quae
610 1706 650 1768 de
663 1704 800 1789 Vergilii
814 1703 962 1766 Aeneide
976 1710 1008 1766 et
1023 1704 1145 1767 l'iunae
1159 1708 1297 1790 Suryrrm

204 1816 264 1870 uota
283 1816 360 1890 sunt,
385 1810 442 1873 sed
461 1811 559 1873 etiarn
573 1832 614 1873 ex
628 1810 675 1891 iis,
690 1830 771 1894 quae
787 1809 1013 1889 Quintilianus,
1030 1809 1109 1872 lust.
1123 1826 1201 1874 orat.
1216 1812 1258 1892 X,
1275 1817 1294 1875 4

204 1908 236 1972 de
262 1934 294 1976 ea
326 1915 428 1979 docet.
464 1915 733 1978 Emendationem
770 1915 795 1977 is
830 1927 922 1977 vorat
949 1922 1093 1999 ,partem
1118 1917 1296 1980 studiorum

204 2012 281 2100 louge
312 2019 544 2083 utilissimam.’'
579 2021 714 2105 ,Neque
746 2019 830 2082 onim
856 2020 924 2082 sine
949 2041 1043 2082 carna
1068 2021 1223 2083 auditum
1250 2031 1298 2084 est

207 2119 293 2184 stilum
324 2145 388 2187 non
418 2126 524 2188 minus
559 2146 656 2209 agere
692 2129 763 2188 eum
799 2125 895 2187 delet.
928 2124 1035 2187 lluius
1059 2133 1167 2187 autem
1192 2128 1297 2212 operis

206 2230 243 2284 est
268 2228 398 2311 adicere,
423 2229 604 2312 detrahere,
629 2243 764 2294 mutare.
789 2230 852 2293 Sed
877 2230 1001 2292 facilius
1026 2231 1058 2293 iu
1083 2232 1119 2293 iis
1144 2231 1295 2317 simpliei-

205 2345 283 2411 usque
305 2333 469 2415 iudicium,
493 2356 575 2418 quae
599 2336 754 2420 replenda
778 2336 829 2398 vel
854 2335 1022 2398 deicienda
1036 2352 1125 2399 sunt:
1150 2359 1296 2422 premere

206 2450 263 2497 vero
294 2439 461 2521 tumentia,
499 2439 632 2504 humilia
669 2443 836 2521 extollere,
862 2441 1059 2504 luxuriantia
1083 2441 1295 2527 adstringere,

204 2531 357 2607 inordinata
394 2544 553 2628 digerere,
589 2548 692 2609 soluta
717 2567 920 2630 componere,
946 2547 1125 2608 exultantia
1150 2568 1297 2610 coercere

203 2637 313 2728 duplicis
348 2671 485 2735 operae:
520 2672 595 2714 nam
634 2660 665 2715 et
697 2651 880 2716 damnanda
904 2666 978 2713 sunt
1002 2672 1084 2734 quae
1108 2652 1296 2735 placuerant

202 2751 226 2804 el
251 2752 438 2819 invenienda
474 2777 555 2841 quae
592 2756 752 2840 fugerant.
791 2756 859 2818 Nec
895 2756 1028 2818 dubium
1065 2762 1113 2817 est
1137 2757 1294 2840 optimum

200 2866 254 2918 esse
287 2860 479 2924 emendandi
512 2882 626 2945 genus,
650 2862 676 2924 si
701 2862 816 2946 scripta
841 2863 873 2923 in
898 2861 1027 2944 aliquod
1051 2870 1179 2945 tempus
1203 2883 1295 2948 repo·

197 2969 305 3048 llantur,
341 2972 377 3029 ut
401 2965 441 3029 ad
466 2987 504 3030 ea
527 2975 599 3051 post
624 2968 830 3030 intervallum
854 2968 943 3029 velut
962 2988 1045 3029 nova
1069 2974 1166 3048 atque
1191 2969 1295 3031 aliena

192 3063 355 3153 redeamus,
391 3092 432 3134 ne
462 3071 553 3135 nobis
577 3073 694 3157 scripta
719 3078 827 3134 nostra
851 3078 1017 3155 tamquam
1040 3080 1186 3136 recentes
1210 3073 1294 3136 fetus

189 3155 413 3240 blandiantur.'’

191 3286 195 3293 '
228 3273 333 3346 Talem
375 3282 637 3346 emendationem
672 3283 769 3345 etiam
805 3280 956 3344 Ovidium
992 3281 1187 3345 carminibus
1227 3283 1292 3346 suis

183 3374 360 3449 adhibuisse
390 3393 422 3449 ct
456 3387 490 3449 in
513 3388 625 3472 primis
649 3387 780 3472 quidem
802 3386 934 3449 Metam.
960 3386 1058 3466 libris,
1083 3387 1116 3448 in
1140 3395 1292 3473 promptu

180 3488 228 3543 ⁰Sl
255 3492 490 3576 reputantibus,
515 3514 597 3577 quae
623 3493 691 3577 ipse
716 3492 756 3554 de
781 3512 819 3554 ea
844 3512 876 3554 re
902 3489 1036 3553 diversis
1060 3492 1136 3554 loeis
1161 3492 1289 3555 dixerit.

177 3571 241 3655 Sed
278 3597 424 3680 quamvis
462 3599 562 3661 multa
598 3599 662 3660 iam
686 3604 851 3671 mutasset,
882 3595 1062 3677 adiecisset,
1087 3596 1291 3680 detraxisset,

175 3697 275 3782 0peri,
309 3702 373 3763 iam
419 3702 459 3764 ad
501 3703 599 3765 finem
644 3701 835 3764 narrationis
869 3700 1035 3786 perducto,
1071 3704 1183 3767 ultima
1218 3705 1294 3767 lima

170 3791 278 3869 adhuc
313 3805 433 3868 deerat.
469 3807 739 3870 Emendationem
774 3828 931 3870 summam
955 3809 1102 3892 perrupit
1125 3810 1291 3893 relegatio.

217 3904 256 3972 ld
290 3911 407 3995 ipsum,
443 3912 528 3995 quod
562 3913 718 3996 relegatio
754 3933 910 3974 surianam
937 3914 1196 3977 emendationem
1220 3936 1291 3999 per·

162 4006 260 4098 Pllpit
303 4015 441 4099 ideoque
476 4039 541 4080 non
573 4018 649 4080 satis
684 4016 880 4101 perpolitum
916 4038 995 4102 opus
1031 4040 1124 4081 suum
1158 4019 1289 4104 reliquit

160 4093 319 4201 Ovidius,
344 4120 376 4182 in
401 4127 468 4184 arte
493 4121 601 4185 critica
624 4122 698 4184 huic
722 4121 915 4202 adhibenda,
935 4143 1063 4206 semper
1082 4125 1292 4207 spectandum

157 4218 244 4286 Geso
268 4225 379 4305 liquet.
403 4224 559 4290 Attamen
583 4229 644 4291 hoe
668 4227 841 4291 admodum
862 4226 988 4290 videtur
1007 4230 1191 4312 neglectum
1211 4250 1291 4293 esse.

153 4297 218 4390 Et
249 4330 348 4393 verba
384 4332 470 4394 enim
505 4340 537 4396 et
573 4334 751 4397 locutiones
786 4339 818 4396 et
850 4353 1002 4397 versuum
1026 4341 1134 4419 partes
1157 4334 1210 4397 vel
1232 4334 1290 4396 toti

154 4426 285 4497 Versus
310 4441 343 4497 et
366 4457 517 4501 versuum
542 4444 730 4528 complexus
754 4442 808 4526 qui
831 4439 999 4504 offendunt
1022 4447 1078 4504 aut
1100 4439 1292 4503 narrationis
