2956 4958
716 423 758 485 90

172 603 235 668 bac
271 599 421 667 excidere
455 609 640 689 potucmnt,
675 626 748 670 cum
785 606 865 671 duas
901 605 1037 691 paginas
1072 604 1124 667 vel
1148 603 1299 688 plagulas

174 708 357 794 explevisse
380 707 560 772 videantur.
586 709 680 782 Quod
703 733 776 774 cum
799 718 872 798 post
895 708 991 791 XIlI,
1016 711 1080 772 275
1105 729 1234 793 quoque
1254 712 1298 772 68

172 835 283 878 versus
308 812 488 876 exciderint
511 820 543 877 et
567 817 608 878 36
632 836 743 879 versus
766 823 839 901 post
862 814 955 896 XIV,
981 816 1056 895 271,
1081 835 1146 877 non
1172 820 1298 877 temere

175 939 218 982 cx
251 917 302 981 his
338 916 492 1000 efficitur,
526 918 598 982 libri
633 920 718 983 illius
754 941 796 983 cx
821 942 882 1005 quo
906 919 1090 982 Marcianus
1114 917 1297 1000 descendit,

172 1023 308 1108 paginas
332 1024 384 1087 vel
406 1024 555 1109 plagulas
579 1023 716 1088 tricenos
741 1031 773 1089 et
797 1033 970 1106 quaternos
994 1024 1063 1087 lere
1087 1043 1198 1086 versus
1224 1044 1300 1087 con·

175 1129 322 1192 tinuisse.

174 1359 270 1434 VIII,
294 1364 336 1424 83
361 1383 428 1447 sqq.

217 1469 332 1533 Restat
367 1489 409 1531 cx
442 1469 589 1533 omnibus
613 1469 675 1533 illis
698 1469 854 1534 tredecim
877 1470 955 1533 locis
978 1491 1061 1533 unus
1085 1475 1223 1550 tantum,
1247 1490 1297 1532 vs.

71 1637 73 1643 .
176 1576 229 1656 87,
253 1574 293 1637 dc
317 1595 379 1659 quo
403 1575 467 1638 iam
491 1596 588 1660 supra
612 1576 748 1660 egimus,
772 1578 883 1661 pg.ll.

220 1679 336 1765 Scylla,
360 1678 431 1742 Nisi
454 1680 529 1762 filia,
554 1701 637 1761 quae
661 1702 770 1745 amore
793 1682 934 1766 flagrans
957 1680 1074 1743 Minois
1099 1680 1218 1743 urbem
1243 1679 1300 1742 ob·

176 1785 309 1849 sidentis
332 1791 458 1870 patrem
482 1808 575 1849 suum
600 1787 687 1850 crine
711 1787 802 1851 vitali
825 1785 986 1872 spoliavit.

220 1919 272 1980 83.
309 1916 420 1979 Prima
444 1917 534 2000 quies
558 1916 681 1999 aderat,
706 1939 768 2001 qua
792 1917 876 1980 curis
900 1917 984 1980 fessa
1009 1915 1133 1979 diurnis

309 2028 441 2107 pectora
464 2020 595 2085 somnus
618 2021 732 2085 habet:
757 2020 915 2085 thalamos
939 2022 1098 2085 taciturna
1122 2026 1275 2105 paternos

310 2127 408 2190 intrat
432 2133 465 2191 et
488 2127 566 2209 (heu
589 2126 742 2208 facinusl)
767 2127 858 2190 vitali
881 2133 958 2190 nata
981 2132 1150 2211 parentem

311 2232 397 2294 crine
422 2254 515 2295 suum
539 2233 665 2317 spoliat,
690 2231 874 2316 praedaque
898 2231 1000 2316 potita
1025 2230 1167 2320 nefanda

222 2336 262 2398 87
311 2336 373 2399 fert
397 2358 506 2400 secum
529 2337 668 2422 spolium
691 2337 804 2400 coleris
827 2357 1062 2422 progressaque
1086 2341 1179 2421 porta

311 2462 370 2526 pcr
392 2441 514 2505 medios
537 2443 646 2505 hostes
670 2442 789 2524 (meriti
812 2443 930 2506 fiducia
953 2450 1043 2506 tanta
1068 2442 1129 2523 est)

313 2547 461 2631 pervenit
485 2547 525 2610 ad
548 2568 670 2632 regem.

178 2691 301 2757 Versus
334 2703 445 2758 autem
475 2697 540 2769 ille,
566 2699 618 2778 87,
643 2697 699 2778 qui
721 2698 756 2759 in
779 2696 888 2759 multis
912 2695 1075 2759 codicibus
1100 2693 1218 2773 exslat,
1243 2688 1301 2752 sed

177 2797 341 2863 Marciano
379 2800 412 2863 in
446 2803 592 2887 margine
628 2801 806 2886 adscriptus
844 2807 903 2883 est,
938 2821 1010 2863 cam
1039 2798 1079 2861 ob
1104 2817 1234 2861 causam
1259 2794 1300 2858 ab

179 2902 315 2967 Heinsio
361 2906 535 2986 multisque
572 2914 645 2993 post
683 2928 757 2970 eum
792 2907 863 2970 aliis
897 2904 1073 2968 editoribus
1096 2924 1154 2988 pro
1190 2900 1300 2987 spurio

180 3008 313 3070 tollitur.
337 3008 460 3072 Verum
483 3009 566 3074 hanc
589 3013 708 3075 iustam
733 3010 871 3075 eiciendi
896 3031 1024 3074 eausam
1048 3029 1113 3071 non
1138 3027 1218 3088 esse,
1232 3005 1301 3068 iam

179 3118 284 3195 antea,
309 3134 377 3200 cap.
402 3114 419 3176 I
443 3115 460 3197 ἓ
485 3118 504 3179 5
528 3116 684 3200 vidimus,
709 3137 807 3201 quare
831 3116 918 3179 idem
942 3114 1164 3177 demonstrare
1189 3131 1232 3174 ex
1261 3109 1300 3172 iis

179 3238 258 3298 quos
293 3219 326 3282 in
361 3220 441 3284 libro
477 3220 562 3285 VIII
595 3220 779 3284 Marcianus
815 3221 934 3284 omittit
957 3219 1113 3298 versibus,
1139 3216 1195 3280 vix
1219 3236 1301 3299 opus

180 3329 238 3386 est.
263 3323 346 3387 Satis
372 3325 471 3410 igitur
495 3327 556 3389 erit
580 3347 832 3390 commemorare
852 3327 941 3389 nullo
961 3324 1092 3386 omnino
1112 3321 1208 3385 huius
1226 3320 1300 3383 libri

180 3429 250 3492 loco
276 3429 366 3492 iustis
391 3431 589 3515 argumentis
615 3431 827 3495 demonstrari
851 3451 955 3516 posse,
982 3450 1111 3492 versum
1134 3428 1237 3490 ullum
1267 3425 1302 3487 in

180 3532 265 3596 illius
289 3534 405 3598 codicis
430 3535 576 3620 margine
602 3542 729 3599 tantum
754 3537 906 3621 positum,
931 3557 950 3598 a
974 3534 1101 3598 falsario
1127 3540 1183 3595 aut
1201 3530 1300 3594 inter·

181 3640 326 3723 polatore
363 3641 519 3703 insertum
557 3662 636 3704 esse.
676 3641 760 3704 Nam
798 3629 884 3726 quod
921 3647 993 3725 post
1028 3661 1074 3702 vs.
1114 3638 1176 3700 317
1214 3635 1301 3698 idem

181 3743 362 3808 Marcianus
385 3745 485 3809 habet
508 3766 637 3830 prorsus
661 3747 742 3809 alius
765 3746 894 3831 generis
918 3753 976 3809 est.
1001 3744 1052 3807 Ne
1072 3743 1143 3823 quis
1163 3741 1300 3822 dubitet,

181 3852 269 3914 locus
306 3850 359 3914 hic
398 3851 553 3932 sequitur.

226 3956 307 4019 Inde
343 3979 361 4019 a
399 3979 444 4020 vs.
486 3959 550 4021 300
586 3957 793 4021 nominantur
826 3957 969 4037 iuvenes,
995 3955 1048 4040 qui
1077 3952 1244 4036 Meleagro
1269 3953 1301 4014 in
1355 4002 1357 4006 .

182 4063 354 4127 venatione
382 4062 451 4147 apri
476 4061 645 4147 Calydonii
670 4064 802 4126 comites
828 4069 935 4126 erant:

227 4189 289 4249 315
313 4186 564 4272 Penelopaeque
589 4207 680 4248 socer
705 4207 775 4248 curn
800 4184 972 4248 Parrhasio
997 4183 1129 4245 Ancaeo

314 4293 574 4378 Ampycidesque
599 4313 700 4375 sagax
725 4296 756 4353 01
780 4292 883 4354 adhuc
907 4312 924 4353 a
949 4288 1085 4371 coniuge
1110 4293 1198 4349 tutus

228 4397 289 4460 317
317 4396 462 4460 Oeclides
486 4397 689 4480 nemorisque
714 4395 810 4459 decus
835 4396 986 4478 Tegeaca
1009 4392 1139 4477 Lycaei.

316 4502 416 4570 Venit
439 4503 610 4575 athalantis
635 4502 745 4568 oocnci
769 4501 983 4589 pulcherrima
1007 4500 1106 4589 virgo.
