<?xml version="1.0" encoding="UTF-8"?>
<!DOCTYPE html PUBLIC "-//W3C//DTD XHTML 1.0 Transitional//EN"
    "http://www.w3.org/TR/xhtml1/DTD/xhtml1-transitional.dtd">
<html xmlns="http://www.w3.org/1999/xhtml" xml:lang="en" lang="en">
 <head>
  <title>
</title>
<meta http-equiv="Content-Type" content="text/html;charset=utf-8" />
  <meta name='ocr-system' content='tesseract 3.04.00' />
  <meta name='ocr-capabilities' content='ocr_page ocr_carea ocr_par ocr_line ocrx_word'/>
</head>
<body>
  <div class='ocr_page' id='page_1' title='image "./deovidiimetamor00kramgoog_0038.png"; bbox 0 0 3298 5134; ppageno 0'>
   <div class='ocr_carea' id='block_1_1' title="bbox 798 524 839 586">
    <p class='ocr_par' dir='ltr' id='par_1_1' title="bbox 798 524 839 586">
     <span class='ocr_line' id='line_1_1' title="bbox 798 524 839 586; baseline 0.024 -1"><span class='ocrx_word' id='word_1_1' title='bbox 798 524 839 586; x_wconf 83' lang='lat'>25</span> 
     </span>
    </p>
   </div>
   <div class='ocr_carea' id='block_1_2' title="bbox 253 712 1384 1741">
    <p class='ocr_par' dir='ltr' id='par_1_2' title="bbox 437 712 1182 778">
     <span class='ocr_line' id='line_1_2' title="bbox 437 712 1182 778; baseline -0.003 0"><span class='ocrx_word' id='word_1_2' title='bbox 437 713 538 778; x_wconf 87' lang='lat' dir='ltr'>barba</span> <span class='ocrx_word' id='word_1_3' title='bbox 560 719 684 777; x_wconf 86' lang='lat' dir='ltr'>resecta</span> <span class='ocrx_word' id='word_1_4' title='bbox 707 713 787 775; x_wconf 92' lang='lat' dir='ltr'>mihi</span> <span class='ocrx_word' id='word_1_5' title='bbox 809 713 899 776; x_wconf 81' lang='lat' dir='ltr'>bisve</span> <span class='ocrx_word' id='word_1_6' title='bbox 923 712 1064 776; x_wconf 79' lang='lat' dir='ltr'>semelve</span> <span class='ocrx_word' id='word_1_7' title='bbox 1089 712 1182 776; x_wconf 78' lang='lat' dir='ltr'>fuit’.</span> 
     </span>
    </p>

    <p class='ocr_par' dir='ltr' id='par_1_3' title="bbox 253 817 1384 1634">
     <span class='ocr_line' id='line_1_3' title="bbox 305 817 1384 902; baseline 0 -20"><span class='ocrx_word' id='word_1_8' title='bbox 305 819 473 882; x_wconf 81' lang='lat' dir='ltr'><strong>Amatoria</strong></span> <span class='ocrx_word' id='word_1_9' title='bbox 509 824 600 882; x_wconf 89' lang='lat' dir='ltr'>erant</span> <span class='ocrx_word' id='word_1_10' title='bbox 635 818 786 899; x_wconf 90' lang='lat' dir='ltr'>carmina,</span> <span class='ocrx_word' id='word_1_11' title='bbox 822 838 905 901; x_wconf 89' lang='lat' dir='ltr'>quae</span> <span class='ocrx_word' id='word_1_12' title='bbox 943 817 1082 902; x_wconf 87' lang='lat' dir='ltr'>,populo</span> <span class='ocrx_word' id='word_1_13' title='bbox 1106 817 1217 902; x_wconf 89' lang='lat' dir='ltr'>legit”,</span> <span class='ocrx_word' id='word_1_14' title='bbox 1242 820 1384 883; x_wconf 90' lang='lat' dir='ltr'>carmina</span> 
     </span>
     <span class='ocr_line' id='line_1_4' title="bbox 256 921 1384 1008; baseline 0.002 -22"><span class='ocrx_word' id='word_1_15' title='bbox 256 925 345 988; x_wconf 92' lang='grc'><strong>1111116</strong></span> <span class='ocrx_word' id='word_1_16' title='bbox 379 924 519 1008; x_wconf 82' lang='lat' dir='ltr'>generis.</span> <span class='ocrx_word' id='word_1_17' title='bbox 555 922 641 1006; x_wconf 93' lang='lat' dir='ltr'>quod</span> <span class='ocrx_word' id='word_1_18' title='bbox 676 930 753 986; x_wconf 91' lang='lat' dir='ltr'>tunc</span> <span class='ocrx_word' id='word_1_19' title='bbox 787 923 941 1007; x_wconf 88' lang='lat' dir='ltr'>temporis</span> <span class='ocrx_word' id='word_1_20' title='bbox 972 921 1096 984; x_wconf 84' lang='lat' dir='ltr'>Romae</span> <span class='ocrx_word' id='word_1_21' title='bbox 1122 923 1221 986; x_wconf 90' lang='lat' dir='ltr'>etiam</span> <span class='ocrx_word' id='word_1_22' title='bbox 1247 927 1384 1008; x_wconf 73' lang='lat' dir='ltr'>profano</span> 
     </span>
     <span class='ocr_line' id='line_1_5' title="bbox 254 1027 1382 1112; baseline 0.001 -21"><span class='ocrx_word' id='word_1_23' title='bbox 254 1029 387 1112; x_wconf 89' lang='lat' dir='ltr'>levique</span> <span class='ocrx_word' id='word_1_24' title='bbox 406 1029 515 1112; x_wconf 89' lang='lat' dir='ltr'>vulgo,</span> <span class='ocrx_word' id='word_1_25' title='bbox 534 1027 650 1089; x_wconf 86' lang='lat' dir='ltr'>litteris</span> <span class='ocrx_word' id='word_1_26' title='bbox 670 1027 830 1090; x_wconf 91' lang='lat' dir='ltr'>imbutum</span> <span class='ocrx_word' id='word_1_27' title='bbox 850 1032 886 1089; x_wconf 92' lang='grc'>111</span> <span class='ocrx_word' id='word_1_28' title='bbox 906 1032 984 1107; x_wconf 88' lang='lat' dir='ltr'>erat,</span> <span class='ocrx_word' id='word_1_29' title='bbox 1005 1037 1203 1112; x_wconf 81' lang='lat' dir='ltr'>magnopere</span> <span class='ocrx_word' id='word_1_30' title='bbox 1222 1028 1382 1112; x_wconf 78' lang='lat' dir='ltr'>placebat.</span> 
     </span>
     <span class='ocr_line' id='line_1_6' title="bbox 256 1131 1382 1217; baseline 0 -21"><span class='ocrx_word' id='word_1_31' title='bbox 256 1133 348 1197; x_wconf 93' lang='lat' dir='ltr'>Huic</span> <span class='ocrx_word' id='word_1_32' title='bbox 381 1134 479 1217; x_wconf 91' lang='lat' dir='ltr'>vulgo</span> <span class='ocrx_word' id='word_1_33' title='bbox 517 1131 656 1195; x_wconf 88' lang='lat' dir='ltr'>iucunde</span> <span class='ocrx_word' id='word_1_34' title='bbox 686 1133 786 1195; x_wconf 90' lang='lat' dir='ltr'>vitam</span> <span class='ocrx_word' id='word_1_35' title='bbox 809 1131 930 1215; x_wconf 86' lang='lat' dir='ltr'>agenti,</span> <span class='ocrx_word' id='word_1_36' title='bbox 955 1131 1110 1194; x_wconf 87' lang='lat' dir='ltr'>iuvenum</span> <span class='ocrx_word' id='word_1_37' title='bbox 1134 1131 1285 1196; x_wconf 85' lang='lat' dir='ltr'>luxuriae</span> <span class='ocrx_word' id='word_1_38' title='bbox 1309 1134 1382 1196; x_wconf 92' lang='lat' dir='ltr'>libi·</span> 
     </span>
     <span class='ocr_line' id='line_1_7' title="bbox 254 1236 1379 1321; baseline -0.002 -19"><span class='ocrx_word' id='word_1_39' title='bbox 254 1239 387 1302; x_wconf 87' lang='lat' dir='ltr'>dinibus</span> <span class='ocrx_word' id='word_1_40' title='bbox 399 1238 562 1321; x_wconf 75' lang='lat' dir='ltr'>nequitiae</span> <span class='ocrx_word' id='word_1_41' title='bbox 576 1236 759 1300; x_wconf 88' lang='lat' dir='ltr'>deditorum</span> <span class='ocrx_word' id='word_1_42' title='bbox 783 1243 816 1299; x_wconf 90' lang='lat' dir='ltr'>et</span> <span class='ocrx_word' id='word_1_43' title='bbox 827 1236 1060 1317; x_wconf 88' lang='lat' dir='ltr'>libertinarum,</span> <span class='ocrx_word' id='word_1_44' title='bbox 1077 1256 1156 1316; x_wconf 90' lang='lat' dir='ltr'>quas</span> <span class='ocrx_word' id='word_1_45' title='bbox 1179 1242 1256 1300; x_wconf 89' lang='lat' dir='ltr'>tunc</span> <span class='ocrx_word' id='word_1_46' title='bbox 1281 1239 1379 1301; x_wconf 88' lang='lat' dir='ltr'>etiam</span> 
     </span>
     <span class='ocr_line' id='line_1_8' title="bbox 253 1339 1382 1426; baseline -0.001 -20"><span class='ocrx_word' id='word_1_47' title='bbox 253 1344 373 1407; x_wconf 86' lang='lat' dir='ltr'>litteris</span> <span class='ocrx_word' id='word_1_48' title='bbox 403 1342 642 1407; x_wconf 85' lang='lat' dir='ltr'>amoenioribus</span> <span class='ocrx_word' id='word_1_49' title='bbox 666 1341 808 1405; x_wconf 86' lang='lat' dir='ltr'>eruditae</span> <span class='ocrx_word' id='word_1_50' title='bbox 832 1341 932 1404; x_wconf 83' lang='lat' dir='ltr'>fuisse</span> <span class='ocrx_word' id='word_1_51' title='bbox 957 1339 1092 1404; x_wconf 89' lang='lat' dir='ltr'>Ovidius</span> <span class='ocrx_word' id='word_1_52' title='bbox 1118 1341 1194 1404; x_wconf 92' lang='lat' dir='ltr'>satis</span> <span class='ocrx_word' id='word_1_53' title='bbox 1220 1363 1382 1426; x_wconf 85' lang='lat' dir='ltr'>superque</span> 
     </span>
     <span class='ocr_line' id='line_1_9' title="bbox 256 1444 1381 1531; baseline -0.001 -20"><span class='ocrx_word' id='word_1_54' title='bbox 256 1447 469 1527; x_wconf 89' lang='lat' dir='ltr'>demonstrat,</span> <span class='ocrx_word' id='word_1_55' title='bbox 516 1447 642 1530; x_wconf 83' lang='lat' dir='ltr'>scripsit</span> <span class='ocrx_word' id='word_1_56' title='bbox 690 1446 831 1508; x_wconf 89' lang='lat' dir='ltr'>carmina</span> <span class='ocrx_word' id='word_1_57' title='bbox 877 1444 996 1508; x_wconf 90' lang='lat' dir='ltr'>mollia.</span> <span class='ocrx_word' id='word_1_58' title='bbox 1032 1445 1119 1508; x_wconf 92' lang='lat' dir='ltr'>Huic</span> <span class='ocrx_word' id='word_1_59' title='bbox 1155 1447 1276 1531; x_wconf 93' lang='lat' dir='ltr'>populo</span> <span class='ocrx_word' id='word_1_60' title='bbox 1312 1447 1381 1511; x_wconf 89' lang='lat' dir='ltr'>cius</span> 
     </span>
     <span class='ocr_line' id='line_1_10' title="bbox 259 1551 1290 1634; baseline 0 -18"><span class='ocrx_word' id='word_1_61' title='bbox 259 1553 375 1633; x_wconf 86' lang='lat' dir='ltr'>„Musa</span> <span class='ocrx_word' id='word_1_62' title='bbox 398 1552 525 1616; x_wconf 87' lang='lat' dir='ltr'>ioocsa&#39;&#39;</span> <span class='ocrx_word' id='word_1_63' title='bbox 549 1573 626 1615; x_wconf 84' lang='lat' dir='ltr'>mox</span> <span class='ocrx_word' id='word_1_64' title='bbox 649 1552 683 1615; x_wconf 91' lang='lat' dir='ltr'>in</span> <span class='ocrx_word' id='word_1_65' title='bbox 706 1552 829 1616; x_wconf 86' lang='lat' dir='ltr'>deliciis</span> <span class='ocrx_word' id='word_1_66' title='bbox 854 1558 939 1615; x_wconf 84' lang='lat' dir='ltr'>erat:</span> <span class='ocrx_word' id='word_1_67' title='bbox 964 1551 1059 1614; x_wconf 84' lang='lat' dir='ltr'>Trist.</span> <span class='ocrx_word' id='word_1_68' title='bbox 1085 1552 1144 1634; x_wconf 89' lang='lat' dir='ltr'>IV,</span> <span class='ocrx_word' id='word_1_69' title='bbox 1173 1555 1224 1634; x_wconf 86' lang='lat'>10,</span> <span class='ocrx_word' id='word_1_70' title='bbox 1250 1555 1290 1616; x_wconf 86' lang='grc'>56</span> 
     </span>
    </p>

    <p class='ocr_par' dir='ltr' id='par_1_4' title="bbox 441 1655 1252 1741">
     <span class='ocr_line' id='line_1_11' title="bbox 441 1655 1252 1741; baseline 0.001 -21"><span class='ocrx_word' id='word_1_71' title='bbox 441 1662 601 1741; x_wconf 86' lang='lat' dir='ltr'>,notaque</span> <span class='ocrx_word' id='word_1_72' title='bbox 625 1679 691 1721; x_wconf 91' lang='lat' dir='ltr'>non</span> <span class='ocrx_word' id='word_1_73' title='bbox 713 1657 804 1721; x_wconf 89' lang='lat' dir='ltr'>tarde</span> <span class='ocrx_word' id='word_1_74' title='bbox 828 1657 913 1720; x_wconf 89' lang='lat' dir='ltr'>facta</span> <span class='ocrx_word' id='word_1_75' title='bbox 937 1655 1053 1719; x_wconf 85' lang='lat' dir='ltr'>Thalia</span> <span class='ocrx_word' id='word_1_76' title='bbox 1076 1677 1149 1720; x_wconf 88' lang='lat' dir='ltr'>mea</span> <span class='ocrx_word' id='word_1_77' title='bbox 1173 1657 1252 1721; x_wconf 87' lang='lat' dir='ltr'>est”.</span> 
     </span>
    </p>
   </div>
   <div class='ocr_carea' id='block_1_3' title="bbox 304 1761 1473 1848">
    <p class='ocr_par' dir='ltr' id='par_1_5' title="bbox 304 1761 1473 1848">
     <span class='ocr_line' id='line_1_12' title="bbox 304 1761 1473 1848; baseline -0.002 -22"><span class='ocrx_word' id='word_1_78' title='bbox 304 1762 350 1826; x_wconf 83' lang='lat' dir='ltr'>At</span> <span class='ocrx_word' id='word_1_79' title='bbox 384 1784 450 1825; x_wconf 91' lang='lat' dir='ltr'>non</span> <span class='ocrx_word' id='word_1_80' title='bbox 485 1762 588 1825; x_wconf 93' lang='lat' dir='ltr'>solum</span> <span class='ocrx_word' id='word_1_81' title='bbox 622 1763 684 1826; x_wconf 88' lang='lat' dir='ltr'>iste</span> <span class='ocrx_word' id='word_1_82' title='bbox 719 1762 867 1848; x_wconf 86' lang='lat' dir='ltr'>popellus</span> <span class='ocrx_word' id='word_1_83' title='bbox 900 1782 972 1824; x_wconf 88' lang='lat' dir='ltr'>eam</span> <span class='ocrx_word' id='word_1_84' title='bbox 1007 1761 1120 1845; x_wconf 87' lang='lat' dir='ltr'>poesin</span> <span class='ocrx_word' id='word_1_85' title='bbox 1155 1763 1285 1826; x_wconf 85' lang='lat' dir='ltr'>amabat</span> <span class='ocrx_word' id='word_1_86' title='bbox 1322 1763 1379 1825; x_wconf 90' lang='lat' dir='ltr'>sed</span> <span class='ocrx_word' id='word_1_87' title='bbox 1470 1828 1473 1836; x_wconf 65' lang='grc'><em>,</em></span> 
     </span>
    </p>
   </div>
   <div class='ocr_carea' id='block_1_4' title="bbox 254 1865 1393 2892">
    <p class='ocr_par' dir='ltr' id='par_1_6' title="bbox 254 1865 1393 2892">
     <span class='ocr_line' id='line_1_13' title="bbox 256 1865 1380 1951; baseline -0.001 -21"><span class='ocrx_word' id='word_1_88' title='bbox 256 1887 301 1930; x_wconf 91' lang='grc'>116</span> <span class='ocrx_word' id='word_1_89' title='bbox 336 1867 397 1930; x_wconf 89' lang='lat' dir='ltr'>viri</span> <span class='ocrx_word' id='word_1_90' title='bbox 432 1866 563 1950; x_wconf 89' lang='lat' dir='ltr'>quidem</span> <span class='ocrx_word' id='word_1_91' title='bbox 598 1867 708 1951; x_wconf 91' lang='lat' dir='ltr'>magni</span> <span class='ocrx_word' id='word_1_92' title='bbox 743 1867 812 1930; x_wconf 90' lang='grc'><strong>61116</strong></span> <span class='ocrx_word' id='word_1_93' title='bbox 850 1865 975 1946; x_wconf 89' lang='lat' dir='ltr'>aetatis,</span> <span class='ocrx_word' id='word_1_94' title='bbox 1011 1887 1074 1950; x_wconf 89' lang='lat' dir='ltr'>qua</span> <span class='ocrx_word' id='word_1_95' title='bbox 1109 1887 1214 1930; x_wconf 89' lang='lat' dir='ltr'>mores</span> <span class='ocrx_word' id='word_1_96' title='bbox 1237 1868 1380 1951; x_wconf 88' lang='lat' dir='ltr'>graviter</span> 
     </span>
     <span class='ocr_line' id='line_1_14' title="bbox 258 1969 1381 2057; baseline 0 -23"><span class='ocrx_word' id='word_1_97' title='bbox 258 1978 354 2034; x_wconf 87' lang='lat' dir='ltr'>crant</span> <span class='ocrx_word' id='word_1_98' title='bbox 388 1972 540 2057; x_wconf 75' lang='lat' dir='ltr'>corrupti,</span> <span class='ocrx_word' id='word_1_99' title='bbox 576 1969 735 2034; x_wconf 89' lang='lat' dir='ltr'>atalibus</span> <span class='ocrx_word' id='word_1_100' title='bbox 760 1970 954 2033; x_wconf 77' lang='lat' dir='ltr'>carminibus</span> <span class='ocrx_word' id='word_1_101' title='bbox 978 1969 1205 2034; x_wconf 89' lang='lat' dir='ltr'>abhorrebant.</span> <span class='ocrx_word' id='word_1_102' title='bbox 1253 1971 1381 2035; x_wconf 87' lang='lat' dir='ltr'>Octavi-</span> 
     </span>
     <span class='ocr_line' id='line_1_15' title="bbox 257 2075 1378 2161; baseline -0.002 -21"><span class='ocrx_word' id='word_1_103' title='bbox 257 2097 341 2140; x_wconf 91' lang='lat' dir='ltr'>anus</span> <span class='ocrx_word' id='word_1_104' title='bbox 376 2077 462 2140; x_wconf 90' lang='lat' dir='ltr'>enim</span> <span class='ocrx_word' id='word_1_105' title='bbox 497 2077 565 2161; x_wconf 92' lang='lat' dir='ltr'>ipse</span> <span class='ocrx_word' id='word_1_106' title='bbox 590 2075 715 2138; x_wconf 89' lang='lat' dir='ltr'>iuvenis</span> <span class='ocrx_word' id='word_1_107' title='bbox 739 2076 974 2158; x_wconf 88' lang='lat' dir='ltr'>epigrammata</span> <span class='ocrx_word' id='word_1_108' title='bbox 998 2075 1124 2159; x_wconf 83' lang='lat' dir='ltr'>scripsit</span> <span class='ocrx_word' id='word_1_109' title='bbox 1147 2075 1235 2139; x_wconf 88' lang='lat' dir='ltr'>haud</span> <span class='ocrx_word' id='word_1_110' title='bbox 1259 2076 1378 2140; x_wconf 91' lang='lat' dir='ltr'>diversi</span> 
     </span>
     <span class='ocr_line' id='line_1_16' title="bbox 256 2178 1230 2272; baseline -0.002 -28"><span class='ocrx_word' id='word_1_111' title='bbox 256 2180 390 2265; x_wconf 88' lang='lat' dir='ltr'>generis</span> <span class='ocrx_word' id='word_1_112' title='bbox 416 2201 519 2264; x_wconf 88' lang='lat' dir='ltr'>,quae</span> <span class='ocrx_word' id='word_1_113' title='bbox 543 2181 610 2272; x_wconf 75' lang='lat' dir='ltr'>fere</span> <span class='ocrx_word' id='word_1_114' title='bbox 634 2188 780 2263; x_wconf 87' lang='grc'><strong>1611111016</strong></span> <span class='ocrx_word' id='word_1_115' title='bbox 804 2178 923 2242; x_wconf 88' lang='lat' dir='ltr'>balinei</span> <span class='ocrx_word' id='word_1_116' title='bbox 947 2178 1184 2242; x_wconf 89' lang='lat' dir='ltr'>meditabatur”</span> <span class='ocrx_word' id='word_1_117' title='bbox 1199 2180 1230 2261; x_wconf 88' lang='lat'>¹).</span> 
     </span>
     <span class='ocr_line' id='line_1_17' title="bbox 304 2283 1393 2369; baseline 0 -22"><span class='ocrx_word' id='word_1_118' title='bbox 304 2284 468 2369; x_wconf 85' lang='lat' dir='ltr'>Exempla</span> <span class='ocrx_word' id='word_1_119' title='bbox 505 2284 665 2348; x_wconf 89' lang='lat' dir='ltr'>dederunt</span> <span class='ocrx_word' id='word_1_120' title='bbox 698 2290 815 2369; x_wconf 89' lang='lat' dir='ltr'>poetae</span> <span class='ocrx_word' id='word_1_121' title='bbox 847 2283 901 2366; x_wconf 92' lang='lat' dir='ltr'>qui</span> <span class='ocrx_word' id='word_1_122' title='bbox 937 2289 1044 2347; x_wconf 88' lang='lat' dir='ltr'>aetate</span> <span class='ocrx_word' id='word_1_123' title='bbox 1079 2290 1321 2348; x_wconf 85' lang='lat' dir='ltr'>antecesserunt</span> <span class='ocrx_word' id='word_1_124' title='bbox 1350 2291 1393 2364; x_wconf 89' lang='lat' dir='ltr'>et</span> 
     </span>
     <span class='ocr_line' id='line_1_18' title="bbox 256 2387 1381 2473; baseline 0.001 -22"><span class='ocrx_word' id='word_1_125' title='bbox 256 2389 413 2472; x_wconf 88' lang='lat' dir='ltr'>aequales</span> <span class='ocrx_word' id='word_1_126' title='bbox 462 2395 562 2452; x_wconf 88' lang='lat' dir='ltr'>erant.</span> <span class='ocrx_word' id='word_1_127' title='bbox 610 2388 725 2472; x_wconf 89' lang='lat' dir='ltr'>Itaqua</span> <span class='ocrx_word' id='word_1_128' title='bbox 772 2387 886 2470; x_wconf 86' lang='lat' dir='ltr'>elegia.</span> <span class='ocrx_word' id='word_1_129' title='bbox 934 2387 1089 2452; x_wconf 84' lang='lat' dir='ltr'>Tristium</span> <span class='ocrx_word' id='word_1_130' title='bbox 1125 2389 1198 2452; x_wconf 91' lang='lat' dir='ltr'>libri</span> <span class='ocrx_word' id='word_1_131' title='bbox 1236 2389 1281 2469; x_wconf 85' lang='grc' dir='ltr'>ΙΙ,</span> <span class='ocrx_word' id='word_1_132' title='bbox 1317 2411 1381 2473; x_wconf 93' lang='lat' dir='ltr'>qua</span> 
     </span>
     <span class='ocr_line' id='line_1_19' title="bbox 254 2492 1381 2578; baseline 0 -22"><span class='ocrx_word' id='word_1_133' title='bbox 254 2493 386 2556; x_wconf 88' lang='lat' dir='ltr'>Musam</span> <span class='ocrx_word' id='word_1_134' title='bbox 421 2514 590 2578; x_wconf 89' lang='lat' dir='ltr'>moresque</span> <span class='ocrx_word' id='word_1_135' title='bbox 626 2514 699 2556; x_wconf 92' lang='lat' dir='ltr'>suos</span> <span class='ocrx_word' id='word_1_136' title='bbox 735 2492 888 2556; x_wconf 91' lang='lat' dir='ltr'>adversus</span> <span class='ocrx_word' id='word_1_137' title='bbox 925 2514 1024 2576; x_wconf 89' lang='lat' dir='ltr'>grave</span> <span class='ocrx_word' id='word_1_138' title='bbox 1058 2493 1202 2578; x_wconf 85' lang='lat' dir='ltr'>Augusti</span> <span class='ocrx_word' id='word_1_139' title='bbox 1225 2494 1381 2558; x_wconf 91' lang='lat' dir='ltr'>iudicium</span> 
     </span>
     <span class='ocr_line' id='line_1_20' title="bbox 257 2598 1382 2684; baseline 0 -24"><span class='ocrx_word' id='word_1_140' title='bbox 257 2605 395 2661; x_wconf 85' lang='lat' dir='ltr'>excusat</span> <span class='ocrx_word' id='word_1_141' title='bbox 419 2605 451 2662; x_wconf 92' lang='lat' dir='ltr'>et</span> <span class='ocrx_word' id='word_1_142' title='bbox 475 2598 630 2680; x_wconf 85' lang='lat' dir='ltr'>defendit,</span> <span class='ocrx_word' id='word_1_143' title='bbox 654 2599 784 2681; x_wconf 90' lang='lat' dir='ltr'>longam</span> <span class='ocrx_word' id='word_1_144' title='bbox 809 2598 924 2660; x_wconf 88' lang='lat' dir='ltr'>seriem</span> <span class='ocrx_word' id='word_1_145' title='bbox 948 2604 1118 2683; x_wconf 90' lang='lat' dir='ltr'>poetarum</span> <span class='ocrx_word' id='word_1_146' title='bbox 1142 2599 1257 2662; x_wconf 85' lang='lat' dir='ltr'>afferre</span> <span class='ocrx_word' id='word_1_147' title='bbox 1277 2598 1382 2684; x_wconf 89' lang='lat' dir='ltr'>potnit</span> 
     </span>
     <span class='ocr_line' id='line_1_21' title="bbox 255 2702 1352 2786; baseline 0.001 -21"><span class='ocrx_word' id='word_1_148' title='bbox 255 2703 314 2786; x_wconf 92' lang='lat' dir='ltr'>qui</span> <span class='ocrx_word' id='word_1_149' title='bbox 337 2703 454 2766; x_wconf 92' lang='lat' dir='ltr'>similia</span> <span class='ocrx_word' id='word_1_150' title='bbox 478 2711 534 2767; x_wconf 89' lang='lat' dir='ltr'>aut</span> <span class='ocrx_word' id='word_1_151' title='bbox 557 2709 643 2767; x_wconf 88' lang='lat' dir='ltr'>certe</span> <span class='ocrx_word' id='word_1_152' title='bbox 667 2724 732 2766; x_wconf 91' lang='lat' dir='ltr'>non</span> <span class='ocrx_word' id='word_1_153' title='bbox 756 2703 889 2765; x_wconf 88' lang='lat' dir='ltr'>meliora</span> <span class='ocrx_word' id='word_1_154' title='bbox 912 2703 1066 2765; x_wconf 88' lang='lat' dir='ltr'>fecerant.</span> <span class='ocrx_word' id='word_1_155' title='bbox 1092 2702 1186 2766; x_wconf 84' lang='lat' dir='ltr'>Trist.</span> <span class='ocrx_word' id='word_1_156' title='bbox 1212 2703 1247 2765; x_wconf 91' lang='lat' dir='ltr'><strong>H</strong></span> <span class='ocrx_word' id='word_1_157' title='bbox 1271 2706 1352 2766; x_wconf 80' lang='lat'><strong>493:</strong></span> 
     </span>
     <span class='ocr_line' id='line_1_22' title="bbox 396 2807 1266 2892; baseline 0.002 -23"><span class='ocrx_word' id='word_1_158' title='bbox 396 2807 478 2887; x_wconf 84' lang='lat' dir='ltr'>,His</span> <span class='ocrx_word' id='word_1_159' title='bbox 515 2829 575 2892; x_wconf 87' lang='lat' dir='ltr'>ego</span> <span class='ocrx_word' id='word_1_160' title='bbox 608 2807 764 2891; x_wconf 90' lang='lat' dir='ltr'>deceptus</span> <span class='ocrx_word' id='word_1_161' title='bbox 792 2827 857 2868; x_wconf 93' lang='lat' dir='ltr'>non</span> <span class='ocrx_word' id='word_1_162' title='bbox 880 2807 983 2869; x_wconf 88' lang='lat' dir='ltr'>tristia</span> <span class='ocrx_word' id='word_1_163' title='bbox 1008 2808 1150 2870; x_wconf 87' lang='lat' dir='ltr'>carmina</span> <span class='ocrx_word' id='word_1_164' title='bbox 1173 2807 1266 2871; x_wconf 88' lang='lat' dir='ltr'>feci”.</span> 
     </span>
    </p>
   </div>
   <div class='ocr_carea' id='block_1_5' title="bbox 348 3088 1283 3174">
    <p class='ocr_par' dir='ltr' id='par_1_7' title="bbox 348 3088 1283 3174">
     <span class='ocr_line' id='line_1_23' title="bbox 348 3088 1283 3174; baseline -0.002 -20"><span class='ocrx_word' id='word_1_165' title='bbox 348 3092 365 3172; x_wconf 62' lang='grc' dir='ltr'>ἓ</span> <span class='ocrx_word' id='word_1_166' title='bbox 389 3094 420 3154; x_wconf 79' lang='grc'>4.</span> <span class='ocrx_word' id='word_1_167' title='bbox 470 3088 616 3153; x_wconf 77' lang='lat' dir='ltr'>Carmina</span> <span class='ocrx_word' id='word_1_168' title='bbox 636 3092 792 3173; x_wconf 77' lang='lat' dir='ltr'>primaria</span> <span class='ocrx_word' id='word_1_169' title='bbox 817 3091 1009 3174; x_wconf 69' lang='lat' dir='ltr'>relegationis</span> <span class='ocrx_word' id='word_1_170' title='bbox 1035 3115 1125 3153; x_wconf 82' lang='grc'><strong>11111611</strong></span> <span class='ocrx_word' id='word_1_171' title='bbox 1143 3096 1283 3173; x_wconf 77' lang='lat' dir='ltr'>juerant.</span> 
     </span>
    </p>
   </div>
   <div class='ocr_carea' id='block_1_6' title="bbox 256 3347 1382 4165">
    <p class='ocr_par' dir='ltr' id='par_1_8' title="bbox 256 3347 1382 3935">
     <span class='ocr_line' id='line_1_24' title="bbox 306 3347 1382 3435; baseline 0.001 -24"><span class='ocrx_word' id='word_1_172' title='bbox 306 3347 510 3432; x_wconf 81' lang='lat' dir='ltr'>Quamquam</span> <span class='ocrx_word' id='word_1_173' title='bbox 553 3355 659 3412; x_wconf 88' lang='lat' dir='ltr'>aetate</span> <span class='ocrx_word' id='word_1_174' title='bbox 699 3350 916 3435; x_wconf 82' lang='lat' dir='ltr'>provectiore,</span> <span class='ocrx_word' id='word_1_175' title='bbox 959 3369 1032 3411; x_wconf 93' lang='lat' dir='ltr'>cum</span> <span class='ocrx_word' id='word_1_176' title='bbox 1072 3347 1253 3432; x_wconf 89' lang='lat' dir='ltr'>Augustus,</span> <span class='ocrx_word' id='word_1_177' title='bbox 1285 3370 1382 3433; x_wconf 89' lang='lat' dir='ltr'>quem</span> 
     </span>
     <span class='ocr_line' id='line_1_25' title="bbox 256 3453 1382 3539; baseline 0.003 -24"><span class='ocrx_word' id='word_1_178' title='bbox 256 3453 451 3516; x_wconf 88' lang='lat' dir='ltr'>libidinosae</span> <span class='ocrx_word' id='word_1_179' title='bbox 486 3453 604 3516; x_wconf 89' lang='lat' dir='ltr'>civium</span> <span class='ocrx_word' id='word_1_180' title='bbox 640 3455 726 3516; x_wconf 87' lang='lat' dir='ltr'>vitae</span> <span class='ocrx_word' id='word_1_181' title='bbox 761 3454 894 3539; x_wconf 84' lang='lat' dir='ltr'>pigebat</span> <span class='ocrx_word' id='word_1_182' title='bbox 927 3454 1084 3539; x_wconf 87' lang='lat' dir='ltr'>corruptis</span> <span class='ocrx_word' id='word_1_183' title='bbox 1119 3454 1261 3517; x_wconf 89' lang='lat' dir='ltr'>moribus</span> <span class='ocrx_word' id='word_1_184' title='bbox 1290 3454 1382 3518; x_wconf 85' lang='lat' dir='ltr'>frena</span> 
     </span>
     <span class='ocr_line' id='line_1_26' title="bbox 256 3557 1380 3643; baseline 0 -23"><span class='ocrx_word' id='word_1_185' title='bbox 256 3557 387 3642; x_wconf 89' lang='lat' dir='ltr'>legibus</span> <span class='ocrx_word' id='word_1_186' title='bbox 410 3558 556 3621; x_wconf 89' lang='lat' dir='ltr'>inhibere</span> <span class='ocrx_word' id='word_1_187' title='bbox 581 3565 760 3639; x_wconf 86' lang='lat' dir='ltr'>conaretur,</span> <span class='ocrx_word' id='word_1_188' title='bbox 785 3557 887 3642; x_wconf 91' lang='lat' dir='ltr'>magis</span> <span class='ocrx_word' id='word_1_189' title='bbox 911 3559 994 3622; x_wconf 89' lang='lat' dir='ltr'>seria</span> <span class='ocrx_word' id='word_1_190' title='bbox 1018 3557 1154 3642; x_wconf 87' lang='lat' dir='ltr'>scripsit,</span> <span class='ocrx_word' id='word_1_191' title='bbox 1182 3559 1288 3643; x_wconf 83' lang='lat' dir='ltr'>,turpi</span> <span class='ocrx_word' id='word_1_192' title='bbox 1312 3580 1380 3622; x_wconf 92' lang='lat' dir='ltr'>car-</span> 
     </span>
     <span class='ocr_line' id='line_1_27' title="bbox 260 3661 1381 3748; baseline 0.002 -23"><span class='ocrx_word' id='word_1_193' title='bbox 260 3661 368 3726; x_wconf 86' lang='lat' dir='ltr'>mine&#39;’</span> <span class='ocrx_word' id='word_1_194' title='bbox 380 3661 404 3745; x_wconf 75' lang='lat'>²)</span> <span class='ocrx_word' id='word_1_195' title='bbox 434 3670 553 3744; x_wconf 89' lang='lat' dir='ltr'>tamen,</span> <span class='ocrx_word' id='word_1_196' title='bbox 576 3662 659 3726; x_wconf 88' lang='lat' dir='ltr'>Arte</span> <span class='ocrx_word' id='word_1_197' title='bbox 690 3684 731 3726; x_wconf 88' lang='lat' dir='ltr'>sc.</span> <span class='ocrx_word' id='word_1_198' title='bbox 752 3663 918 3741; x_wconf 88' lang='lat' dir='ltr'>amatoria,</span> <span class='ocrx_word' id='word_1_199' title='bbox 938 3663 1020 3725; x_wconf 92' lang='lat' dir='ltr'>iram</span> <span class='ocrx_word' id='word_1_200' title='bbox 1039 3662 1192 3746; x_wconf 86' lang='lat' dir='ltr'>principis</span> <span class='ocrx_word' id='word_1_201' title='bbox 1211 3668 1381 3748; x_wconf 88' lang='lat' dir='ltr'>tantopere</span> 
     </span>
     <span class='ocr_line' id='line_1_28' title="bbox 259 3760 1381 3854; baseline 0 -24"><span class='ocrx_word' id='word_1_202' title='bbox 259 3769 443 3848; x_wconf 90' lang='lat' dir='ltr'>commovit,</span> <span class='ocrx_word' id='word_1_203' title='bbox 467 3774 504 3830; x_wconf 92' lang='lat' dir='ltr'>ut</span> <span class='ocrx_word' id='word_1_204' title='bbox 526 3788 591 3831; x_wconf 90' lang='lat' dir='ltr'>non</span> <span class='ocrx_word' id='word_1_205' title='bbox 615 3774 746 3831; x_wconf 89' lang='lat' dir='ltr'>senatus</span> <span class='ocrx_word' id='word_1_206' title='bbox 770 3767 900 3851; x_wconf 91' lang='lat' dir='ltr'>quidem</span> <span class='ocrx_word' id='word_1_207' title='bbox 913 3767 1043 3830; x_wconf 89' lang='lat' dir='ltr'>decreto</span> <span class='ocrx_word' id='word_1_208' title='bbox 1056 3760 1091 3847; x_wconf 80' lang='lat'>³),</span> <span class='ocrx_word' id='word_1_209' title='bbox 1107 3787 1221 3854; x_wconf 86' lang='lat' dir='ltr'>verum</span> <span class='ocrx_word' id='word_1_210' title='bbox 1237 3766 1381 3830; x_wconf 73' lang='lat' dir='ltr'>Caesaris</span> 
     </span>
     <span class='ocr_line' id='line_1_29' title="bbox 261 3869 791 3935; baseline 0 -1"><span class='ocrx_word' id='word_1_211' title='bbox 261 3871 367 3934; x_wconf 90' lang='lat' dir='ltr'>edicto</span> <span class='ocrx_word' id='word_1_212' title='bbox 391 3869 511 3933; x_wconf 83' lang='lat' dir='ltr'>Tomos</span> <span class='ocrx_word' id='word_1_213' title='bbox 535 3871 581 3935; x_wconf 92' lang='lat' dir='ltr'>ire</span> <span class='ocrx_word' id='word_1_214' title='bbox 606 3873 710 3935; x_wconf 91' lang='lat' dir='ltr'>iussus</span> <span class='ocrx_word' id='word_1_215' title='bbox 735 3872 791 3935; x_wconf 87' lang='lat' dir='ltr'>sit:</span> 
     </span>
    </p>

    <p class='ocr_par' dir='ltr' id='par_1_9' title="bbox 259 3974 1345 4060">
     <span class='ocr_line' id='line_1_30' title="bbox 259 3974 1345 4060; baseline 0.002 -24"><span class='ocrx_word' id='word_1_216' title='bbox 259 3974 357 4037; x_wconf 84' lang='lat' dir='ltr'>Trist.</span> <span class='ocrx_word' id='word_1_217' title='bbox 393 3974 437 4056; x_wconf 88' lang='lat' dir='ltr'>II,</span> <span class='ocrx_word' id='word_1_218' title='bbox 463 3978 527 4038; x_wconf 81' lang='lat'>494</span> <span class='ocrx_word' id='word_1_219' title='bbox 549 4024 632 4056; x_wconf 83' lang='lat'>,...</span> <span class='ocrx_word' id='word_1_220' title='bbox 657 3977 755 4038; x_wconf 88' lang='lat' dir='ltr'>tristis</span> <span class='ocrx_word' id='word_1_221' title='bbox 790 3982 914 4039; x_wconf 89' lang='lat' dir='ltr'>nostros</span> <span class='ocrx_word' id='word_1_222' title='bbox 949 3997 1054 4060; x_wconf 91' lang='lat' dir='ltr'>poena</span> <span class='ocrx_word' id='word_1_223' title='bbox 1084 3982 1194 4039; x_wconf 86' lang='lat' dir='ltr'>secuta</span> <span class='ocrx_word' id='word_1_224' title='bbox 1228 3975 1345 4038; x_wconf 87' lang='lat' dir='ltr'>iocos.”</span> 
     </span>
    </p>

    <p class='ocr_par' dir='ltr' id='par_1_10' title="bbox 305 4079 1381 4165">
     <span class='ocr_line' id='line_1_31' title="bbox 305 4079 1381 4165; baseline 0.003 -24"><span class='ocrx_word' id='word_1_225' title='bbox 305 4079 398 4142; x_wconf 90' lang='lat' dir='ltr'>Licet</span> <span class='ocrx_word' id='word_1_226' title='bbox 432 4101 498 4143; x_wconf 93' lang='lat' dir='ltr'>non</span> <span class='ocrx_word' id='word_1_227' title='bbox 531 4079 595 4143; x_wconf 89' lang='lat' dir='ltr'>Ars</span> <span class='ocrx_word' id='word_1_228' title='bbox 630 4081 697 4144; x_wconf 90' lang='lat' dir='ltr'>sola</span> <span class='ocrx_word' id='word_1_229' title='bbox 732 4081 939 4165; x_wconf 88' lang='lat' dir='ltr'>relegationis</span> <span class='ocrx_word' id='word_1_230' title='bbox 963 4103 1056 4145; x_wconf 88' lang='lat' dir='ltr'>causa</span> <span class='ocrx_word' id='word_1_231' title='bbox 1082 4082 1179 4144; x_wconf 86' lang='lat' dir='ltr'>fucrit</span> <span class='ocrx_word' id='word_1_232' title='bbox 1202 4081 1260 4145; x_wconf 90' lang='lat' dir='ltr'>sed</span> <span class='ocrx_word' id='word_1_233' title='bbox 1283 4082 1381 4144; x_wconf 83' lang='lat' dir='ltr'>etiam</span> 
     </span>
    </p>
   </div>
   <div class='ocr_carea' id='block_1_7' title="bbox 261 4183 1382 4271">
    <p class='ocr_par' dir='ltr' id='par_1_11' title="bbox 261 4183 1382 4271">
     <span class='ocr_line' id='line_1_32' title="bbox 261 4183 1382 4271; baseline 0.001 -23"><span class='ocrx_word' id='word_1_234' title='bbox 261 4183 391 4264; x_wconf 74' lang='lat' dir='ltr'>„error”</span> <span class='ocrx_word' id='word_1_235' title='bbox 427 4185 559 4268; x_wconf 92' lang='lat' dir='ltr'>quidam</span> <span class='ocrx_word' id='word_1_236' title='bbox 583 4187 763 4266; x_wconf 88' lang='lat' dir='ltr'>accesserit,</span> <span class='ocrx_word' id='word_1_237' title='bbox 788 4187 842 4267; x_wconf 92' lang='lat' dir='ltr'>qui</span> <span class='ocrx_word' id='word_1_238' title='bbox 866 4187 1044 4271; x_wconf 87' lang='lat' dir='ltr'>principem</span> <span class='ocrx_word' id='word_1_239' title='bbox 1068 4186 1223 4267; x_wconf 84' lang='lat' dir='ltr'>laederet,</span> <span class='ocrx_word' id='word_1_240' title='bbox 1240 4187 1382 4249; x_wconf 89' lang='lat' dir='ltr'>carmina</span> 
     </span>
    </p>
   </div>
   <div class='ocr_carea' id='block_1_8' title="bbox 303 4419 627 4572">
    <p class='ocr_par' dir='ltr' id='par_1_12' title="bbox 303 4419 627 4572">
     <span class='ocr_line' id='line_1_33' title="bbox 304 4419 627 4494; baseline 0.012 -17"><span class='ocrx_word' id='word_1_241' title='bbox 304 4421 332 4492; x_wconf 91' lang='lat'>1)</span> <span class='ocrx_word' id='word_1_242' title='bbox 373 4419 455 4479; x_wconf 82' lang='lat' dir='ltr'>Suet.</span> <span class='ocrx_word' id='word_1_243' title='bbox 477 4423 558 4494; x_wconf 84' lang='lat' dir='ltr'>Aug.</span> <span class='ocrx_word' id='word_1_244' title='bbox 581 4425 627 4482; x_wconf 83' lang='lat'>85.</span> 
     </span>
     <span class='ocr_line' id='line_1_34' title="bbox 303 4499 619 4572; baseline 0.019 -18"><span class='ocrx_word' id='word_1_245' title='bbox 303 4499 332 4572; x_wconf 85' lang='lat'>2)</span> <span class='ocrx_word' id='word_1_246' title='bbox 373 4500 467 4559; x_wconf 83' lang='lat' dir='ltr'>Trist.</span> <span class='ocrx_word' id='word_1_247' title='bbox 488 4501 529 4568; x_wconf 91' lang='grc'>11,</span> <span class='ocrx_word' id='word_1_248' title='bbox 552 4503 619 4560; x_wconf 85' lang='grc'><strong>211.</strong></span> 
     </span>
    </p>
   </div>
   <div class='ocr_carea' id='block_1_9' title="bbox 303 4580 668 4661">
    <p class='ocr_par' dir='ltr' id='par_1_13' title="bbox 303 4580 668 4661">
     <span class='ocr_line' id='line_1_35' title="bbox 303 4580 668 4661; baseline 0.011 -24"><span class='ocrx_word' id='word_1_249' title='bbox 303 4580 332 4659; x_wconf 89' lang='grc'>3)</span> <span class='ocrx_word' id='word_1_250' title='bbox 373 4580 463 4642; x_wconf 84' lang='grc' dir='ltr'><strong>Τ1161.</strong></span> <span class='ocrx_word' id='word_1_251' title='bbox 486 4581 528 4650; x_wconf 92' lang='lat' dir='ltr'>II,</span> <span class='ocrx_word' id='word_1_252' title='bbox 551 4582 606 4640; x_wconf 85' lang='lat'>131</span> <span class='ocrx_word' id='word_1_253' title='bbox 628 4603 668 4661; x_wconf 88' lang='lat' dir='ltr'>sq.</span> 
     </span>
    </p>
   </div>
   <div class='ocr_carea' id='block_1_10' title="bbox 0 0 1654 5134">
    <p class='ocr_par' dir='ltr' id='par_1_14' title="bbox 0 0 1654 5134">
     <span class='ocr_line' id='line_1_36' title="bbox 0 0 1654 5134; baseline 0 1"><span class='ocrx_word' id='word_1_254' title='bbox 0 0 1654 5134; x_wconf 95' lang='lat' dir='ltr'> </span> 
     </span>
    </p>
   </div>
  </div>
 </body>
</html>
