<?xml version="1.0" encoding="UTF-8"?>
<!DOCTYPE html PUBLIC "-//W3C//DTD XHTML 1.0 Transitional//EN"
    "http://www.w3.org/TR/xhtml1/DTD/xhtml1-transitional.dtd">
<html xmlns="http://www.w3.org/1999/xhtml" xml:lang="en" lang="en">
 <head>
  <title>
</title>
<meta http-equiv="Content-Type" content="text/html;charset=utf-8" />
  <meta name='ocr-system' content='tesseract 3.04.00' />
  <meta name='ocr-capabilities' content='ocr_page ocr_carea ocr_par ocr_line ocrx_word'/>
</head>
<body>
  <div class='ocr_page' id='page_1' title='image "./deovidiimetamor00kramgoog_0031.png"; bbox 0 0 2956 4958; ppageno 0'>
   <div class='ocr_carea' id='block_1_1' title="bbox 788 476 826 535">
    <p class='ocr_par' dir='ltr' id='par_1_1' title="bbox 788 476 826 535">
     <span class='ocr_line' id='line_1_1' title="bbox 788 476 826 535; baseline -0.053 0"><span class='ocrx_word' id='word_1_1' title='bbox 788 476 826 535; x_wconf 75' lang='grc'>18</span> 
     </span>
    </p>
   </div>
   <div class='ocr_carea' id='block_1_2' title="bbox 251 655 1457 3572">
    <p class='ocr_par' dir='ltr' id='par_1_2' title="bbox 251 655 1362 848">
     <span class='ocr_line' id='line_1_2' title="bbox 251 655 1362 745; baseline 0 -24"><span class='ocrx_word' id='word_1_2' title='bbox 251 659 372 733; x_wconf 67' lang='lat' dir='ltr'>nititur,</span> <span class='ocrx_word' id='word_1_3' title='bbox 419 655 674 740; x_wconf 64' lang='lat' dir='ltr'>interpolationis</span> <span class='ocrx_word' id='word_1_4' title='bbox 720 657 801 720; x_wconf 87' lang='lat' dir='ltr'>illud</span> <span class='ocrx_word' id='word_1_5' title='bbox 848 659 1044 738; x_wconf 83' lang='lat' dir='ltr'>„seeundum</span> <span class='ocrx_word' id='word_1_6' title='bbox 1084 659 1208 745; x_wconf 85' lang='lat' dir='ltr'>genus&#39;&#39;</span> <span class='ocrx_word' id='word_1_7' title='bbox 1244 660 1362 722; x_wconf 79' lang='lat' dir='ltr'>saeculo</span> 
     </span>
     <span class='ocr_line' id='line_1_3' title="bbox 252 760 862 848; baseline 0.003 -23"><span class='ocrx_word' id='word_1_8' title='bbox 252 765 362 848; x_wconf 89' lang='lat' dir='ltr'>quinto</span> <span class='ocrx_word' id='word_1_9' title='bbox 388 761 548 845; x_wconf 81' lang='lat' dir='ltr'>antiquius</span> <span class='ocrx_word' id='word_1_10' title='bbox 571 760 756 824; x_wconf 78' lang='lat' dir='ltr'>habendum</span> <span class='ocrx_word' id='word_1_11' title='bbox 782 785 862 827; x_wconf 82' lang='lat' dir='ltr'>esse.</span> 
     </span>
    </p>

    <p class='ocr_par' dir='ltr' id='par_1_3' title="bbox 253 865 1369 1583">
     <span class='ocr_line' id='line_1_4' title="bbox 298 865 1363 954; baseline -0.002 -24"><span class='ocrx_word' id='word_1_12' title='bbox 298 869 337 930; x_wconf 91' lang='lat' dir='ltr'>In</span> <span class='ocrx_word' id='word_1_13' title='bbox 360 875 428 930; x_wconf 83' lang='lat' dir='ltr'>erte</span> <span class='ocrx_word' id='word_1_14' title='bbox 453 875 563 929; x_wconf 83' lang='lat' dir='ltr'>eutem</span> <span class='ocrx_word' id='word_1_15' title='bbox 590 865 698 929; x_wconf 84' lang='lat' dir='ltr'>oritieo</span> <span class='ocrx_word' id='word_1_16' title='bbox 723 889 795 930; x_wconf 88' lang='lat' dir='ltr'>eum</span> <span class='ocrx_word' id='word_1_17' title='bbox 823 876 953 954; x_wconf 81' lang='lat' dir='ltr'>praeter</span> <span class='ocrx_word' id='word_1_18' title='bbox 977 870 1161 932; x_wconf 81' lang='lat' dir='ltr'>testimonis</span> <span class='ocrx_word' id='word_1_19' title='bbox 1181 876 1293 932; x_wconf 83' lang='lat' dir='ltr'>vetera</span> <span class='ocrx_word' id='word_1_20' title='bbox 1316 874 1363 930; x_wconf 82' lang='lat' dir='ltr'>out</span> 
     </span>
     <span class='ocr_line' id='line_1_5' title="bbox 254 974 1363 1056; baseline -0.004 -19"><span class='ocrx_word' id='word_1_21' title='bbox 254 974 398 1037; x_wconf 86' lang='lat' dir='ltr'>oodieum</span> <span class='ocrx_word' id='word_1_22' title='bbox 434 980 489 1035; x_wconf 80' lang='lat' dir='ltr'>ont</span> <span class='ocrx_word' id='word_1_23' title='bbox 524 979 689 1035; x_wconf 83' lang='lat' dir='ltr'>auctorum</span> <span class='ocrx_word' id='word_1_24' title='bbox 725 975 813 1037; x_wconf 86' lang='lat' dir='ltr'>nullo</span> <span class='ocrx_word' id='word_1_25' title='bbox 849 975 1021 1038; x_wconf 78' lang='lat' dir='ltr'>auotoritas</span> <span class='ocrx_word' id='word_1_26' title='bbox 1059 976 1178 1056; x_wconf 81' lang='lat' dir='ltr'>volent,</span> <span class='ocrx_word' id='word_1_27' title='bbox 1202 995 1275 1037; x_wconf 87' lang='lat' dir='ltr'>oum</span> <span class='ocrx_word' id='word_1_28' title='bbox 1297 993 1363 1035; x_wconf 85' lang='lat' dir='ltr'>vero</span> 
     </span>
     <span class='ocr_line' id='line_1_6' title="bbox 254 1078 1363 1164; baseline -0.003 -22"><span class='ocrx_word' id='word_1_29' title='bbox 254 1079 399 1143; x_wconf 89' lang='lat' dir='ltr'>eodieum</span> <span class='ocrx_word' id='word_1_30' title='bbox 434 1078 615 1156; x_wconf 72' lang='lat' dir='ltr'>ouetoritnS,</span> <span class='ocrx_word' id='word_1_31' title='bbox 642 1079 799 1164; x_wconf 81' lang='lat' dir='ltr'>imprimis</span> <span class='ocrx_word' id='word_1_32' title='bbox 823 1079 990 1160; x_wconf 78' lang='lat' dir='ltr'>Marcioni,</span> <span class='ocrx_word' id='word_1_33' title='bbox 1016 1079 1150 1142; x_wconf 85' lang='lat' dir='ltr'>minime</span> <span class='ocrx_word' id='word_1_34' title='bbox 1176 1099 1292 1163; x_wconf 86' lang='lat' dir='ltr'>eogere</span> <span class='ocrx_word' id='word_1_35' title='bbox 1313 1098 1363 1140; x_wconf 90' lang='lat' dir='ltr'>nos</span> 
     </span>
     <span class='ocr_line' id='line_1_7' title="bbox 253 1181 1363 1270; baseline -0.004 -23"><span class='ocrx_word' id='word_1_36' title='bbox 253 1185 353 1269; x_wconf 80' lang='lat' dir='ltr'>possit</span> <span class='ocrx_word' id='word_1_37' title='bbox 377 1191 413 1246; x_wconf 92' lang='lat' dir='ltr'>ut</span> <span class='ocrx_word' id='word_1_38' title='bbox 437 1182 604 1244; x_wconf 76' lang='lat' dir='ltr'>credamus</span> <span class='ocrx_word' id='word_1_39' title='bbox 624 1205 751 1247; x_wconf 82' lang='lat' dir='ltr'>versum</span> <span class='ocrx_word' id='word_1_40' title='bbox 765 1185 904 1269; x_wconf 80' lang='lat' dir='ltr'>aliquem</span> <span class='ocrx_word' id='word_1_41' title='bbox 919 1184 1063 1270; x_wconf 90' lang='lat' dir='ltr'>spurium</span> <span class='ocrx_word' id='word_1_42' title='bbox 1075 1205 1156 1265; x_wconf 87' lang='lat' dir='ltr'>esse,</span> <span class='ocrx_word' id='word_1_43' title='bbox 1170 1205 1243 1246; x_wconf 92' lang='lat' dir='ltr'>oum</span> <span class='ocrx_word' id='word_1_44' title='bbox 1256 1181 1363 1245; x_wconf 84' lang='lat' dir='ltr'>deinde</span> 
     </span>
     <span class='ocr_line' id='line_1_8' title="bbox 254 1288 1365 1370; baseline -0.004 -18"><span class='ocrx_word' id='word_1_45' title='bbox 254 1290 374 1352; x_wconf 83' lang='lat' dir='ltr'>uemiui</span> <span class='ocrx_word' id='word_1_46' title='bbox 410 1288 449 1350; x_wconf 82' lang='lat' dir='ltr'>od</span> <span class='ocrx_word' id='word_1_47' title='bbox 488 1310 580 1350; x_wconf 86' lang='lat' dir='ltr'>suum</span> <span class='ocrx_word' id='word_1_48' title='bbox 614 1289 791 1370; x_wconf 68' lang='lat' dir='ltr'>arbitrium,</span> <span class='ocrx_word' id='word_1_49' title='bbox 821 1289 860 1352; x_wconf 82' lang='lat' dir='ltr'>od</span> <span class='ocrx_word' id='word_1_50' title='bbox 896 1311 986 1352; x_wconf 86' lang='lat' dir='ltr'>suam</span> <span class='ocrx_word' id='word_1_51' title='bbox 1021 1289 1216 1352; x_wconf 77' lang='lat' dir='ltr'>sententiam</span> <span class='ocrx_word' id='word_1_52' title='bbox 1246 1308 1365 1350; x_wconf 87' lang='lat' dir='ltr'>versum</span> 
     </span>
     <span class='ocr_line' id='line_1_9' title="bbox 254 1393 1369 1479; baseline -0.004 -22"><span class='ocrx_word' id='word_1_53' title='bbox 254 1396 400 1477; x_wconf 79' lang='lat' dir='ltr'>relegare</span> <span class='ocrx_word' id='word_1_54' title='bbox 432 1393 538 1472; x_wconf 79' lang='lat' dir='ltr'>lineet,</span> <span class='ocrx_word' id='word_1_55' title='bbox 576 1412 706 1455; x_wconf 86' lang='lat' dir='ltr'>neeesse</span> <span class='ocrx_word' id='word_1_56' title='bbox 738 1407 787 1456; x_wconf 88' lang='lat' dir='ltr'>est</span> <span class='ocrx_word' id='word_1_57' title='bbox 813 1401 1004 1477; x_wconf 85' lang='lat' dir='ltr'>argumenta</span> <span class='ocrx_word' id='word_1_58' title='bbox 1027 1414 1160 1479; x_wconf 86' lang='lat' dir='ltr'>poscere</span> <span class='ocrx_word' id='word_1_59' title='bbox 1185 1393 1248 1456; x_wconf 83' lang='lat' dir='ltr'>alio</span> <span class='ocrx_word' id='word_1_60' title='bbox 1273 1412 1369 1475; x_wconf 79' lang='lat' dir='ltr'>eoque.</span> 
     </span>
     <span class='ocr_line' id='line_1_10' title="bbox 253 1517 410 1583; baseline -0.019 -23"><span class='ocrx_word' id='word_1_61' title='bbox 253 1517 410 1583; x_wconf 81' lang='lat' dir='ltr'>graviora.</span> 
     </span>
    </p>

    <p class='ocr_par' dir='ltr' id='par_1_4' title="bbox 255 1601 1450 2607">
     <span class='ocr_line' id='line_1_11' title="bbox 298 1601 1378 1687; baseline -0.004 -22"><span class='ocrx_word' id='word_1_62' title='bbox 298 1601 406 1665; x_wconf 81' lang='lat' dir='ltr'>Etiam</span> <span class='ocrx_word' id='word_1_63' title='bbox 432 1603 457 1663; x_wconf 89' lang='lat' dir='ltr'>si</span> <span class='ocrx_word' id='word_1_64' title='bbox 484 1601 524 1663; x_wconf 88' lang='lat' dir='ltr'>de</span> <span class='ocrx_word' id='word_1_65' title='bbox 548 1601 692 1663; x_wconf 71' lang='lat' dir='ltr'>versibus</span> <span class='ocrx_word' id='word_1_66' title='bbox 717 1602 833 1686; x_wconf 87' lang='lat' dir='ltr'>spuriis</span> <span class='ocrx_word' id='word_1_67' title='bbox 858 1603 965 1687; x_wconf 79' lang='lat' dir='ltr'>egitur</span> <span class='ocrx_word' id='word_1_68' title='bbox 991 1601 1378 1679; x_wconf 83' lang='lat' dir='ltr'>omninetenendosnnt,</span> 
     </span>
     <span class='ocr_line' id='line_1_12' title="bbox 255 1705 1427 1793; baseline -0.003 -23"><span class='ocrx_word' id='word_1_69' title='bbox 255 1727 337 1793; x_wconf 83' lang='lat' dir='ltr'>quoe</span> <span class='ocrx_word' id='word_1_70' title='bbox 374 1707 504 1790; x_wconf 79' lang='lat' dir='ltr'>August</span> <span class='ocrx_word' id='word_1_71' title='bbox 538 1705 668 1768; x_wconf 78' lang='lat' dir='ltr'>Boeek¹=</span> <span class='ocrx_word' id='word_1_72' title='bbox 707 1707 783 1769; x_wconf 83' lang='lat' dir='ltr'>oiim</span> <span class='ocrx_word' id='word_1_73' title='bbox 818 1707 943 1792; x_wconf 78' lang='lat' dir='ltr'>scripsit</span> <span class='ocrx_word' id='word_1_74' title='bbox 957 1706 996 1789; x_wconf 81' lang='lat'>¹):</span> <span class='ocrx_word' id='word_1_75' title='bbox 1037 1707 1122 1787; x_wconf 79' lang='lat' dir='ltr'>„Um</span> <span class='ocrx_word' id='word_1_76' title='bbox 1154 1708 1207 1770; x_wconf 86' lang='lat' dir='ltr'>ein</span> <span class='ocrx_word' id='word_1_77' title='bbox 1228 1725 1427 1788; x_wconf 83' lang='lat' dir='ltr'>unange—</span> 
     </span>
     <span class='ocr_line' id='line_1_13' title="bbox 255 1809 1435 1895; baseline -0.004 -20"><span class='ocrx_word' id='word_1_78' title='bbox 255 1832 417 1875; x_wconf 84' lang='lat' dir='ltr'>messenes</span> <span class='ocrx_word' id='word_1_79' title='bbox 443 1809 707 1895; x_wconf 80' lang='lat' dir='ltr'>Spraohelemeut</span> <span class='ocrx_word' id='word_1_80' title='bbox 731 1810 782 1872; x_wconf 79' lang='lat' dir='ltr'>uu</span> <span class='ocrx_word' id='word_1_81' title='bbox 805 1811 925 1874; x_wconf 71' lang='lat' dir='ltr'>untioht</span> <span class='ocrx_word' id='word_1_82' title='bbox 951 1834 989 1874; x_wconf 87' lang='lat' dir='ltr'>zu</span> <span class='ocrx_word' id='word_1_83' title='bbox 1014 1812 1165 1875; x_wconf 71' lang='lat' dir='ltr'>erkliiren</span> <span class='ocrx_word' id='word_1_84' title='bbox 1191 1832 1277 1873; x_wconf 79' lang='lat' dir='ltr'>muso</span> <span class='ocrx_word' id='word_1_85' title='bbox 1298 1828 1435 1871; x_wconf 81' lang='lat' dir='ltr'>mm-</span> 
     </span>
     <span class='ocr_line' id='line_1_14' title="bbox 257 1914 1439 1981; baseline -0.003 -3"><span class='ocrx_word' id='word_1_86' title='bbox 257 1922 321 1978; x_wconf 89' lang='lat' dir='ltr'>erst</span> <span class='ocrx_word' id='word_1_87' title='bbox 355 1915 509 1979; x_wconf 84' lang='lat' dir='ltr'>ermittolt</span> <span class='ocrx_word' id='word_1_88' title='bbox 545 1914 661 1976; x_wconf 83' lang='lat' dir='ltr'>haben.</span> <span class='ocrx_word' id='word_1_89' title='bbox 696 1915 736 1977; x_wconf 87' lang='lat' dir='ltr'>ob</span> <span class='ocrx_word' id='word_1_90' title='bbox 769 1915 820 1977; x_wconf 89' lang='lat' dir='ltr'>dio</span> <span class='ocrx_word' id='word_1_91' title='bbox 845 1916 1090 1981; x_wconf 74' lang='lat' dir='ltr'>individualiter</span> <span class='ocrx_word' id='word_1_92' title='bbox 1114 1917 1171 1980; x_wconf 85' lang='lat' dir='ltr'>des</span> <span class='ocrx_word' id='word_1_93' title='bbox 1194 1916 1314 1979; x_wconf 84' lang='lat' dir='ltr'>Autors</span> <span class='ocrx_word' id='word_1_94' title='bbox 1336 1929 1439 1975; x_wconf 66' lang='lat' dir='ltr'>sc]</span> 
     </span>
     <span class='ocr_line' id='line_1_15' title="bbox 257 2018 1443 2103; baseline -0.004 -20"><span class='ocrx_word' id='word_1_95' title='bbox 257 2020 421 2084; x_wconf 87' lang='lat' dir='ltr'>vollendet</span> <span class='ocrx_word' id='word_1_96' title='bbox 445 2021 491 2082; x_wconf 89' lang='lat' dir='ltr'>sei</span> <span class='ocrx_word' id='word_1_97' title='bbox 514 2019 581 2082; x_wconf 89' lang='lat' dir='ltr'>und</span> <span class='ocrx_word' id='word_1_98' title='bbox 606 2019 657 2081; x_wconf 90' lang='lat' dir='ltr'>die</span> <span class='ocrx_word' id='word_1_99' title='bbox 679 2018 889 2103; x_wconf 80' lang='lat' dir='ltr'>Darstellung</span> <span class='ocrx_word' id='word_1_100' title='bbox 902 2043 935 2084; x_wconf 85' lang='lat' dir='ltr'>so</span> <span class='ocrx_word' id='word_1_101' title='bbox 950 2029 1044 2085; x_wconf 88' lang='lat' dir='ltr'>unter</span> <span class='ocrx_word' id='word_1_102' title='bbox 1059 2021 1116 2085; x_wconf 89' lang='lat' dir='ltr'>der</span> <span class='ocrx_word' id='word_1_103' title='bbox 1130 2020 1258 2084; x_wconf 81' lang='lat' dir='ltr'>Gewolt</span> <span class='ocrx_word' id='word_1_104' title='bbox 1269 2019 1443 2082; x_wconf 60' lang='lat' dir='ltr'>seineffi</span> 
     </span>
     <span class='ocr_line' id='line_1_16' title="bbox 258 2124 1446 2211; baseline -0.003 -23"><span class='ocrx_word' id='word_1_105' title='bbox 258 2125 452 2188; x_wconf 79' lang='lat' dir='ltr'>Chorokters</span> <span class='ocrx_word' id='word_1_106' title='bbox 483 2124 585 2205; x_wconf 84' lang='lat' dir='ltr'>stehe,</span> <span class='ocrx_word' id='word_1_107' title='bbox 615 2125 671 2187; x_wconf 84' lang='lat' dir='ltr'>das</span> <span class='ocrx_word' id='word_1_108' title='bbox 695 2146 770 2187; x_wconf 82' lang='lat' dir='ltr'>man</span> <span class='ocrx_word' id='word_1_109' title='bbox 794 2125 860 2187; x_wconf 92' lang='lat' dir='ltr'>ihm</span> <span class='ocrx_word' id='word_1_110' title='bbox 883 2125 945 2188; x_wconf 89' lang='lat' dir='ltr'>den</span> <span class='ocrx_word' id='word_1_111' title='bbox 969 2125 1203 2211; x_wconf 85' lang='lat' dir='ltr'>vorliegenden</span> <span class='ocrx_word' id='word_1_112' title='bbox 1225 2124 1446 2188; x_wconf 65' lang='lat' dir='ltr'>ventosa-s</span> 
     </span>
     <span class='ocr_line' id='line_1_17' title="bbox 258 2229 1449 2309; baseline -0.003 -16"><span class='ocrx_word' id='word_1_113' title='bbox 258 2231 347 2294; x_wconf 85' lang='lat' dir='ltr'>nieht</span> <span class='ocrx_word' id='word_1_114' title='bbox 371 2237 526 2293; x_wconf 83' lang='lat' dir='ltr'>zutrauen</span> <span class='ocrx_word' id='word_1_115' title='bbox 549 2229 668 2292; x_wconf 78' lang='lat' dir='ltr'>kann.’⁷</span> <span class='ocrx_word' id='word_1_116' title='bbox 685 2279 691 2292; x_wconf 87' lang='lat'><strong>.</strong></span> <span class='ocrx_word' id='word_1_117' title='bbox 708 2279 736 2292; x_wconf 92' lang='lat'>..</span> <span class='ocrx_word' id='word_1_118' title='bbox 765 2229 855 2309; x_wconf 75' lang='lat' dir='ltr'>„Nur</span> <span class='ocrx_word' id='word_1_119' title='bbox 879 2230 935 2293; x_wconf 87' lang='lat' dir='ltr'>dos</span> <span class='ocrx_word' id='word_1_120' title='bbox 958 2231 1038 2294; x_wconf 86' lang='lat' dir='ltr'>wird</span> <span class='ocrx_word' id='word_1_121' title='bbox 1062 2252 1136 2294; x_wconf 83' lang='lat' dir='ltr'>mon</span> <span class='ocrx_word' id='word_1_122' title='bbox 1160 2251 1218 2294; x_wconf 83' lang='lat' dir='ltr'>ous</span> <span class='ocrx_word' id='word_1_123' title='bbox 1241 2229 1449 2292; x_wconf 73' lang='lat' dir='ltr'>iniere-1</span> 
     </span>
     <span class='ocr_line' id='line_1_18' title="bbox 256 2331 1449 2419; baseline -0.004 -22"><span class='ocrx_word' id='word_1_124' title='bbox 256 2335 413 2398; x_wconf 82' lang='lat' dir='ltr'>Griinden</span> <span class='ocrx_word' id='word_1_125' title='bbox 446 2335 492 2396; x_wconf 83' lang='lat' dir='ltr'>ais</span> <span class='ocrx_word' id='word_1_126' title='bbox 524 2334 644 2397; x_wconf 72' lang='lat' dir='ltr'>uniioht</span> <span class='ocrx_word' id='word_1_127' title='bbox 676 2334 848 2397; x_wconf 83' lang='lat' dir='ltr'>onfeehten</span> <span class='ocrx_word' id='word_1_128' title='bbox 879 2335 1005 2415; x_wconf 82' lang='lat' dir='ltr'>diirfen,</span> <span class='ocrx_word' id='word_1_129' title='bbox 1035 2357 1101 2398; x_wconf 82' lang='lat' dir='ltr'>was</span> <span class='ocrx_word' id='word_1_130' title='bbox 1135 2333 1282 2419; x_wconf 85' lang='lat' dir='ltr'>zugleioh</span> <span class='ocrx_word' id='word_1_131' title='bbox 1317 2331 1380 2394; x_wconf 82' lang='lat' dir='ltr'>de:</span> <span class='ocrx_word' id='word_1_132' title='bbox 1408 2345 1449 2385; x_wconf 63' lang='grc' dir='ltr'>ετ</span> 
     </span>
     <span class='ocr_line' id='line_1_19' title="bbox 258 2427 1450 2524; baseline -0.006 -21"><span class='ocrx_word' id='word_1_133' title='bbox 258 2440 501 2503; x_wconf 66' lang='lat' dir='ltr'>individualiter</span> <span class='ocrx_word' id='word_1_134' title='bbox 538 2439 595 2502; x_wconf 86' lang='lat' dir='ltr'>des</span> <span class='ocrx_word' id='word_1_135' title='bbox 630 2439 876 2502; x_wconf 80' lang='lat' dir='ltr'>Schriftstellers</span> <span class='ocrx_word' id='word_1_136' title='bbox 900 2439 966 2502; x_wconf 88' lang='lat' dir='ltr'>und</span> <span class='ocrx_word' id='word_1_137' title='bbox 990 2439 1064 2502; x_wconf 90' lang='lat' dir='ltr'>dem</span> <span class='ocrx_word' id='word_1_138' title='bbox 1089 2427 1450 2524; x_wconf 65' lang='lat' dir='ltr'>Spraohgebrauclh</span> 
     </span>
     <span class='ocr_line' id='line_1_20' title="bbox 259 2543 491 2607; baseline -0.013 0"><span class='ocrx_word' id='word_1_139' title='bbox 259 2544 398 2607; x_wconf 85' lang='lat' dir='ltr'>nuwider</span> <span class='ocrx_word' id='word_1_140' title='bbox 420 2543 491 2605; x_wconf 87' lang='lat' dir='ltr'>ist.&#39;&#39;</span> 
     </span>
    </p>

    <p class='ocr_par' dir='ltr' id='par_1_5' title="bbox 259 2635 1457 3468">
     <span class='ocr_line' id='line_1_21' title="bbox 303 2635 1451 2732; baseline -0.008 -21"><span class='ocrx_word' id='word_1_141' title='bbox 303 2649 501 2732; x_wconf 83' lang='lat' dir='ltr'>Quicumque</span> <span class='ocrx_word' id='word_1_142' title='bbox 537 2649 634 2732; x_wconf 91' lang='lat' dir='ltr'>igitur</span> <span class='ocrx_word' id='word_1_143' title='bbox 669 2648 709 2710; x_wconf 94' lang='lat' dir='ltr'>de</span> <span class='ocrx_word' id='word_1_144' title='bbox 745 2648 890 2711; x_wconf 73' lang='lat' dir='ltr'>versibus</span> <span class='ocrx_word' id='word_1_145' title='bbox 927 2649 980 2732; x_wconf 92' lang='lat' dir='ltr'>qni</span> <span class='ocrx_word' id='word_1_146' title='bbox 1004 2648 1151 2711; x_wconf 86' lang='lat' dir='ltr'>feruntur·</span> <span class='ocrx_word' id='word_1_147' title='bbox 1174 2643 1354 2731; x_wconf 82' lang='lat' dir='ltr'>interpolati</span> <span class='ocrx_word' id='word_1_148' title='bbox 1368 2635 1451 2702; x_wconf 71' lang='lat' dir='ltr'>js</span> 
     </span>
     <span class='ocr_line' id='line_1_22' title="bbox 259 2751 1451 2838; baseline 0.001 -23"><span class='ocrx_word' id='word_1_149' title='bbox 259 2754 411 2816; x_wconf 78' lang='lat' dir='ltr'>iudicium</span> <span class='ocrx_word' id='word_1_150' title='bbox 434 2753 578 2838; x_wconf 70' lang='lat' dir='ltr'>proferre</span> <span class='ocrx_word' id='word_1_151' title='bbox 602 2753 680 2832; x_wconf 86' lang='lat' dir='ltr'>vuit,</span> <span class='ocrx_word' id='word_1_152' title='bbox 705 2753 808 2836; x_wconf 90' lang='lat' dir='ltr'>primo</span> <span class='ocrx_word' id='word_1_153' title='bbox 833 2774 866 2815; x_wconf 84' lang='lat' dir='ltr'>se</span> <span class='ocrx_word' id='word_1_154' title='bbox 880 2759 1045 2816; x_wconf 82' lang='lat' dir='ltr'>convertat</span> <span class='ocrx_word' id='word_1_155' title='bbox 1063 2751 1104 2815; x_wconf 83' lang='lat' dir='ltr'>ad</span> <span class='ocrx_word' id='word_1_156' title='bbox 1116 2758 1248 2838; x_wconf 84' lang='lat' dir='ltr'>poetam</span> <span class='ocrx_word' id='word_1_157' title='bbox 1260 2751 1451 2835; x_wconf 50' lang='lat' dir='ltr'>ipsunt]</span> 
     </span>
     <span class='ocr_line' id='line_1_23' title="bbox 261 2853 1454 2942; baseline -0.001 -22"><span class='ocrx_word' id='word_1_158' title='bbox 261 2858 410 2942; x_wconf 79' lang='lat' dir='ltr'>inquirat,</span> <span class='ocrx_word' id='word_1_159' title='bbox 434 2856 537 2936; x_wconf 78' lang='lat' dir='ltr'>qualis</span> <span class='ocrx_word' id='word_1_160' title='bbox 561 2857 629 2919; x_wconf 89' lang='lat' dir='ltr'>eius</span> <span class='ocrx_word' id='word_1_161' title='bbox 653 2878 704 2918; x_wconf 81' lang='lat' dir='ltr'>ors</span> <span class='ocrx_word' id='word_1_162' title='bbox 727 2856 834 2937; x_wconf 81' lang='lat' dir='ltr'>fuerit,</span> <span class='ocrx_word' id='word_1_163' title='bbox 859 2858 928 2920; x_wconf 87' lang='lat' dir='ltr'>eius</span> <span class='ocrx_word' id='word_1_164' title='bbox 951 2857 1128 2940; x_wconf 84' lang='lat' dir='ltr'>ingenium,</span> <span class='ocrx_word' id='word_1_165' title='bbox 1151 2856 1219 2918; x_wconf 86' lang='lat' dir='ltr'>eius</span> <span class='ocrx_word' id='word_1_166' title='bbox 1233 2853 1454 2919; x_wconf 62' lang='lat' dir='ltr'>facultaas</span> 
     </span>
     <span class='ocr_line' id='line_1_24' title="bbox 263 2949 1455 3044; baseline -0.006 -19"><span class='ocrx_word' id='word_1_167' title='bbox 263 2963 330 3025; x_wconf 88' lang='lat' dir='ltr'>eius</span> <span class='ocrx_word' id='word_1_168' title='bbox 349 2962 515 3024; x_wconf 82' lang='lat' dir='ltr'>industria.</span> <span class='ocrx_word' id='word_1_169' title='bbox 535 2962 577 3024; x_wconf 85' lang='lat' dir='ltr'>Et</span> <span class='ocrx_word' id='word_1_170' title='bbox 607 2962 633 3023; x_wconf 89' lang='lat' dir='ltr'>si</span> <span class='ocrx_word' id='word_1_171' title='bbox 657 2982 753 3044; x_wconf 90' lang='lat' dir='ltr'>quem</span> <span class='ocrx_word' id='word_1_172' title='bbox 777 2982 905 3025; x_wconf 87' lang='lat' dir='ltr'>versum</span> <span class='ocrx_word' id='word_1_173' title='bbox 928 2983 1001 3024; x_wconf 90' lang='lat' dir='ltr'>eum</span> <span class='ocrx_word' id='word_1_174' title='bbox 1025 2962 1087 3025; x_wconf 87' lang='lat' dir='ltr'>illis</span> <span class='ocrx_word' id='word_1_175' title='bbox 1111 2982 1175 3024; x_wconf 91' lang='lat' dir='ltr'>non</span> <span class='ocrx_word' id='word_1_176' title='bbox 1199 2949 1455 3043; x_wconf 62' lang='lat' dir='ltr'>congruer‘le</span> 
     </span>
     <span class='ocr_line' id='line_1_25' title="bbox 263 3062 1456 3151; baseline -0.006 -21"><span class='ocrx_word' id='word_1_177' title='bbox 263 3068 339 3130; x_wconf 85' lang='lat' dir='ltr'>satis</span> <span class='ocrx_word' id='word_1_178' title='bbox 373 3072 507 3147; x_wconf 78' lang='lat' dir='ltr'>constat,</span> <span class='ocrx_word' id='word_1_179' title='bbox 540 3066 565 3128; x_wconf 93' lang='lat' dir='ltr'>si</span> <span class='ocrx_word' id='word_1_180' title='bbox 590 3072 759 3150; x_wconf 85' lang='lat' dir='ltr'>praetereo</span> <span class='ocrx_word' id='word_1_181' title='bbox 783 3066 870 3128; x_wconf 90' lang='lat' dir='ltr'>houd</span> <span class='ocrx_word' id='word_1_182' title='bbox 895 3065 1084 3151; x_wconf 85' lang='lat' dir='ltr'>spernendis</span> <span class='ocrx_word' id='word_1_183' title='bbox 1108 3065 1308 3150; x_wconf 80' lang='lat' dir='ltr'>argumentis</span> <span class='ocrx_word' id='word_1_184' title='bbox 1328 3062 1456 3124; x_wconf 71' lang='lat' dir='ltr'>int]-</span> 
     </span>
     <span class='ocr_line' id='line_1_26' title="bbox 262 3162 1456 3256; baseline -0.006 -22"><span class='ocrx_word' id='word_1_185' title='bbox 262 3172 360 3235; x_wconf 81' lang='lat' dir='ltr'>dioori</span> <span class='ocrx_word' id='word_1_186' title='bbox 394 3178 512 3256; x_wconf 78' lang='lat' dir='ltr'>potest,</span> <span class='ocrx_word' id='word_1_187' title='bbox 548 3193 609 3256; x_wconf 82' lang='lat' dir='ltr'>quo</span> <span class='ocrx_word' id='word_1_188' title='bbox 644 3171 768 3233; x_wconf 86' lang='lat' dir='ltr'>ratione</span> <span class='ocrx_word' id='word_1_189' title='bbox 804 3182 859 3237; x_wconf 84' lang='lat' dir='ltr'>aut</span> <span class='ocrx_word' id='word_1_190' title='bbox 897 3193 958 3255; x_wconf 83' lang='lat' dir='ltr'>qna</span> <span class='ocrx_word' id='word_1_191' title='bbox 993 3171 1033 3234; x_wconf 87' lang='lat' dir='ltr'>de</span> <span class='ocrx_word' id='word_1_192' title='bbox 1064 3191 1160 3234; x_wconf 80' lang='lat' dir='ltr'>eausa</span> <span class='ocrx_word' id='word_1_193' title='bbox 1184 3190 1295 3232; x_wconf 86' lang='lat' dir='ltr'>versus</span> <span class='ocrx_word' id='word_1_194' title='bbox 1317 3162 1456 3229; x_wconf 66' lang='lat' dir='ltr'>isffle</span> 
     </span>
     <span class='ocr_line' id='line_1_27' title="bbox 262 3274 1457 3360; baseline -0.006 -21"><span class='ocrx_word' id='word_1_195' title='bbox 262 3284 429 3360; x_wconf 83' lang='lat' dir='ltr'>suspectus</span> <span class='ocrx_word' id='word_1_196' title='bbox 452 3277 557 3338; x_wconf 92' lang='lat' dir='ltr'>looum</span> <span class='ocrx_word' id='word_1_197' title='bbox 581 3276 722 3338; x_wconf 82' lang='lat' dir='ltr'>alienum</span> <span class='ocrx_word' id='word_1_198' title='bbox 747 3276 933 3356; x_wconf 85' lang='lat' dir='ltr'>obtinuerit,</span> <span class='ocrx_word' id='word_1_199' title='bbox 958 3275 1182 3356; x_wconf 85' lang='lat' dir='ltr'>tumdemnm,</span> <span class='ocrx_word' id='word_1_200' title='bbox 1196 3274 1318 3359; x_wconf 85' lang='lat' dir='ltr'>opinor,</span> <span class='ocrx_word' id='word_1_201' title='bbox 1333 3279 1457 3332; x_wconf 48' lang='lat' dir='ltr'>eessx</span> 
     </span>
     <span class='ocr_line' id='line_1_28' title="bbox 262 3366 1250 3468; baseline -0.005 -22"><span class='ocrx_word' id='word_1_202' title='bbox 262 3389 378 3468; x_wconf 87' lang='lat' dir='ltr'>poetae</span> <span class='ocrx_word' id='word_1_203' title='bbox 402 3381 491 3444; x_wconf 89' lang='lat' dir='ltr'>libris</span> <span class='ocrx_word' id='word_1_204' title='bbox 514 3382 660 3464; x_wconf 82' lang='lat' dir='ltr'>relegare</span> <span class='ocrx_word' id='word_1_205' title='bbox 685 3401 758 3443; x_wconf 90' lang='lat' dir='ltr'>euru</span> <span class='ocrx_word' id='word_1_206' title='bbox 783 3379 874 3443; x_wconf 90' lang='lat' dir='ltr'>nobis</span> <span class='ocrx_word' id='word_1_207' title='bbox 897 3380 981 3442; x_wconf 87' lang='lat' dir='ltr'>lieet.</span> <span class='ocrx_word' id='word_1_208' title='bbox 1246 3366 1250 3372; x_wconf 50' lang='grc'>’</span> 
     </span>
    </p>

    <p class='ocr_par' dir='ltr' id='par_1_6' title="bbox 307 3483 1241 3572">
     <span class='ocr_line' id='line_1_29' title="bbox 307 3483 1241 3572; baseline -0.005 -21"><span class='ocrx_word' id='word_1_209' title='bbox 307 3488 421 3572; x_wconf 86' lang='lat' dir='ltr'>Itaque</span> <span class='ocrx_word' id='word_1_210' title='bbox 445 3486 619 3550; x_wconf 80' lang='lat' dir='ltr'>videndum</span> <span class='ocrx_word' id='word_1_211' title='bbox 645 3492 703 3565; x_wconf 85' lang='lat' dir='ltr'>est,</span> <span class='ocrx_word' id='word_1_212' title='bbox 728 3486 830 3569; x_wconf 80' lang='lat' dir='ltr'>qualis</span> <span class='ocrx_word' id='word_1_213' title='bbox 853 3484 951 3547; x_wconf 89' lang='lat' dir='ltr'>fuerit</span> <span class='ocrx_word' id='word_1_214' title='bbox 975 3483 1110 3547; x_wconf 80' lang='lat' dir='ltr'>Ovidius</span> <span class='ocrx_word' id='word_1_215' title='bbox 1133 3489 1241 3568; x_wconf 81' lang='lat' dir='ltr'>poeta.</span> 
     </span>
    </p>
   </div>
   <div class='ocr_carea' id='block_1_3' title="bbox 307 3695 1454 3868">
    <p class='ocr_par' dir='ltr' id='par_1_7' title="bbox 307 3695 1454 3868">
     <span class='ocr_line' id='line_1_30' title="bbox 307 3695 1454 3789; baseline -0.015 -16"><span class='ocrx_word' id='word_1_216' title='bbox 307 3720 335 3789; x_wconf 85' lang='lat' dir='ltr'>i)</span> <span class='ocrx_word' id='word_1_217' title='bbox 378 3713 606 3789; x_wconf 79' lang='lat' dir='ltr'>Eneyelopuedie</span> <span class='ocrx_word' id='word_1_218' title='bbox 632 3712 693 3769; x_wconf 81' lang='lat' dir='ltr'>und</span> <span class='ocrx_word' id='word_1_219' title='bbox 729 3710 945 3787; x_wconf 76' lang='lat' dir='ltr'>MethodoIogie</span> <span class='ocrx_word' id='word_1_220' title='bbox 971 3710 1022 3767; x_wconf 83' lang='lat' dir='ltr'>der</span> <span class='ocrx_word' id='word_1_221' title='bbox 1043 3708 1280 3787; x_wconf 81' lang='lat' dir='ltr'>Philologisohen</span> <span class='ocrx_word' id='word_1_222' title='bbox 1299 3695 1454 3759; x_wconf 64' lang='lat' dir='ltr'>uiis·</span> 
     </span>
     <span class='ocr_line' id='line_1_31' title="bbox 344 3793 686 3868; baseline -0.006 -16"><span class='ocrx_word' id='word_1_223' title='bbox 344 3794 525 3853; x_wconf 82' lang='lat' dir='ltr'>sensohusteu</span> <span class='ocrx_word' id='word_1_224' title='bbox 549 3813 597 3868; x_wconf 83' lang='lat' dir='ltr'>pg.</span> <span class='ocrx_word' id='word_1_225' title='bbox 622 3793 686 3850; x_wconf 81' lang='lat'>185.</span> 
     </span>
    </p>
   </div>
   <div class='ocr_carea' id='block_1_4' title="bbox 0 0 1503 4958">
    <p class='ocr_par' dir='ltr' id='par_1_8' title="bbox 0 0 1503 4958">
     <span class='ocr_line' id='line_1_32' title="bbox 0 0 1503 4958; baseline 0 0"><span class='ocrx_word' id='word_1_226' title='bbox 0 0 1503 4958; x_wconf 95' lang='lat' dir='ltr'> </span> 
     </span>
    </p>
   </div>
  </div>
 </body>
</html>
