3224 5130
723 467 761 528 61

181 652 281 714 etiam
317 651 359 714 in.
387 671 424 713 eo
459 649 624 714 hominem
665 650 798 735 eiusque
824 671 930 715 mores
954 656 1051 731 atque
1075 648 1218 712 indolem
1241 670 1307 712 non

180 756 339 841 neglexit.
378 755 463 819 Nam
498 777 604 838 nemo,
641 778 878 841 quamcumque
914 755 988 818 oolit
1016 760 1129 837 artem,
1156 754 1197 818 ad
1221 777 1306 818 sum-

181 883 269 923 mum
295 861 328 923 in
351 882 389 924 ea
414 861 577 944 fastigium
602 861 798 925 adsoendore
822 868 938 948 potest,
965 861 1026 924 nisi
1050 881 1116 924 una
1135 860 1303 943 esthemo,

179 965 235 1049 qui
262 965 361 1027 animi
385 971 481 1049 atque
503 966 625 1049 ingenii
651 966 758 1029 indole
779 988 855 1030 vero
880 967 1081 1029 eximiussit.
1094 964 1189 1028 Hane
1202 965 1304 1050 ipsam

182 1071 223 1134 eb
258 1092 388 1134 eausam
425 1070 560 1134 Ovidius
591 1094 664 1134 oum
688 1072 728 1135 do
752 1095 828 1136 vero
853 1073 984 1157 egregie
1009 1079 1105 1158 poeta
1129 1070 1307 1133 instituitur

179 1176 338 1260 quaestio,
371 1197 500 1262 semper
539 1176 685 1261 Vergilio
709 1178 908 1263 postpositus
935 1184 983 1241 est
1006 1197 1198 1262 semperque
1222 1175 1305 1238 infe-

180 1283 245 1344 rior
282 1281 464 1345 habebitur.
502 1280 595 1353 Quod
634 1282 675 1345 ad
710 1283 844 1346 formam
883 1290 993 1346 tamen
1025 1282 1130 1368 operis
1154 1280 1305 1365 pertinet,

179 1387 295 1450 merito
320 1407 432 1449 omnes
455 1387 646 1472 ferensque
672 1387 712 1451 ad
726 1396 870 1451 nostrum
894 1386 1150 1473 tempusOvidie
1164 1385 1305 1471 palmam

181 1491 379 1554 detulerunt.

226 1661 419 1725 Wilhelm
455 1662 651 1747 Sigmund
687 1663 867 1746 Teuffel,
904 1664 1020 1727 Gesoh.
1057 1664 1088 1726 d.
1122 1663 1304 1726 remmia.

181 1767 266 1831 247:
294 1767 499 1849 „(lndessen)
522 1765 649 1831 Rhetor
670 1770 771 1834 bleibt
798 1791 833 1834 er
856 1770 938 1833 aueh
962 1771 996 1831 in
1020 1768 1076 1831 der
1099 1769 1227 1849 Possie,
1245 1767 1303 1829 mit

225 1872 289 1935 den
314 1871 496 1936 Gedanlren
520 1874 588 1937 und
613 1873 737 1938 Stoffon
761 1875 917 1961 spielend,
950 1875 1034 1937 ohne
1058 1875 1166 1956 Ernst,
1181 1873 1303 1936 hdhore

226 1978 314 2041 Ziole
339 1977 405 2041 und
430 1977 621 2061 Oharakter,
644 1980 851 2064 leiehtsinnig
863 1979 1051 2065 gegeniiber
1065 1977 1304 2041 denAnferde-

227 2104 352 2168 mugen
377 2084 444 2147 und
458 2081 587 2169 Fragen
600 2085 657 2148 des
671 2085 811 2167 Lebens,
825 2086 902 2149 aber
914 2083 1098 2169 geistreioh,
1111 2084 1226 2170 pikant
1239 2082 1304 2145 und

229 2187 379 2272 originell
405 2189 474 2252 und
496 2190 530 2251 in
543 2190 640 2252 allem
653 2190 837 2253 Formellen
849 2212 912 2253 ven
925 2190 1208 2253 uniibertroffener
1220 2188 1303 2251 Mei·

226 2293 406 2376 stersehaft,
430 2294 739 2358 unnaohahmlioher
751 2296 983 2382 Leiohtigkeit,
995 2294 1224 2360 Gewandtheit
1237 2293 1303 2357 und

226 2397 405 2464 Anmuth.’'

178 2563 293 2628 Aem.
317 2543 775 2650 BaehrensJTibullisehe
798 2567 924 2632 Blatter
946 2588 1001 2652 pg.
1026 2567 1086 2629 38:
1138 2617 1140 2620 .

206 2669 381 2749 „Ueberall
427 2671 570 2736 dieselbe
607 2674 800 2758 geistreiehe
836 2673 1036 2755 Auffassung
1070 2669 1137 2733 und
1172 2669 1301 2753 geniale

225 2772 444 2861 Behandlung
468 2777 524 2841 des
548 2777 676 2862 Stoffes,
701 2779 847 2843 derselbe
872 2776 990 2842 leiohte
1014 2774 1079 2839 und
1105 2773 1302 2838 melodisohe

225 2877 319 2942 Flnss
352 2881 458 2945 seiner
495 2883 610 2966 Verso,
646 2884 789 2948 dieselbe
824 2883 1100 2964 uniibertroffene,
1129 2880 1301 2966 originelle

225 2981 465 3050 Meistersohaft
513 2987 547 3050 in
589 2988 647 3051 der
688 2988 921 3073 Haudhabung
962 2989 1020 3052 der
1062 2985 1304 3050 diohterisoheu

227 3088 399 3176 Spraohe’'.

180 3253 208 3316 1.
243 3255 270 3318 Ι.
304 3254 528 3340 Hartman,
562 3257 602 3321 de
638 3258 746 3322 Ovidii
781 3258 994 3344 metamorph.
1032 3256 1175 3338 edendis,
1208 3253 1300 3318 Mne-

181 3379 315 3443 mosyne
343 3361 436 3424 1890.

181 3483 234 3546 pg.
262 3464 343 3526 164:
371 3463 526 3544 ,Ovidius
551 3488 623 3532 eam
646 3469 745 3532 habet
768 3469 944 3533 virtutem.
959 3519 966 3532 .
981 3518 1012 3532 ..
1038 3467 1125 3552 quod
1144 3467 1300 3530 lectorum
1385 3451 1386 3454 ¹

226 3570 349 3633 animos
374 3592 587 3658 commovero,
612 3581 734 3657 tenere,
759 3575 895 3638 delinire
919 3572 1056 3660 potest.''

180 3695 234 3758 pg.
264 3677 342 3738 165:
371 3675 453 3756 ,Ars
479 3677 680 3744 Ovidiana....
705 3680 954 3765 simplicitate...
980 3684 1122 3741 mentem
1146 3674 1251 3738 ferit.’'

181 3800 235 3863 pg.
262 3782 341 3843 166:
369 3780 552 3860 „Versuum
576 3785 822 3871 pangendorum
847 3791 896 3848 est
918 3782 1067 3848 artilex.”

180 3953 224 4018 M.
249 3953 426 4039 SohanZ,
452 3958 569 4025 Gesoh.
594 3961 624 4024 d.
649 3973 729 4026 rem.
754 3962 832 4025 Litt.
856 3947 901 4042 Il,
925 3982 978 4044 pg.
1007 3962 1077 4022 165:

227 4057 332 4138 „Ovid
355 4060 396 4124 ist
420 4062 478 4126 der
501 4066 660 4150 genialste
684 4065 840 4129 Erzahlor
862 4064 921 4127 der
942 4061 1095 4126 Rdmer.”

181 4164 322 4248 pg.154:
349 4165 431 4245 „Die
465 4169 580 4234 Poesie
616 4172 658 4234 ist
681 4173 747 4234 ihm
771 4192 855 4234 zwar
878 4169 1039 4233 Sohmuok
1063 4167 1120 4231 des
1143 4167 1272 4231 Lebens

225 4267 302 4331 aber
326 4269 415 4333 nieht
434 4273 512 4356 jone
535 4275 691 4359 glittliehe
716 4275 819 4357 Gaba,
843 4275 965 4339 welche
998 4275 1097 4338 selbst
1122 4275 1202 4338 iiber
1238 4272 1301 4336 don

224 4371 306 4436 Leid
330 4374 396 4438 und
420 4375 508 4440 Weh
532 4379 726 4444 verkldrend
749 4379 922 4445 schwebt.''

182 4507 219 4592 Q.
254 4509 462 4596 Ribbeck,
499 4515 615 4580 Geseh.
652 4517 683 4581 d.
718 4523 800 4582 rdm.
822 4517 990 4603 Dichtung
1013 4519 1058 4582 ll.
1081 4541 1135 4603 pg,
1160 4519 1223 4580 348
1248 4535 1300 4596 sq:
