3224 5130
189 691 366 776 reliquisse,
402 711 473 752 cam
497 697 647 756 tamena
671 693 707 755 L.
733 692 832 756 Vario
859 691 954 773 Rufe,
979 694 1081 759 amico
1114 697 1192 779 eius,
1217 697 1305 762 iussu

191 796 336 860 Caesaris
357 795 477 858 editam
502 797 621 878 esse1).

236 901 379 984 ,Egerat
414 899 526 984 (Verg.
563 903 619 983 se.)
644 924 716 966 oum
748 903 858 984 Vario,
882 903 1070 987 priusquam
1094 905 1190 968 ltalia
1214 906 1308 970 dece·

191 1006 292 1087 deret,
328 1012 364 1067 ut
399 1005 425 1066 si
456 1005 531 1089 quid
559 1006 619 1068 sibi
644 1008 810 1071 accidisset
837 1007 986 1070 Aeneida
1010 994 1228 1081 comburorot;
1253 1011 1311 1074 sed

190 1112 216 1174 is
252 1111 411 1174 facturum
447 1130 481 1171 se
516 1117 720 1194 pernegarat.
755 1112 859 1196 lgitur
895 1112 929 1173 in
954 1119 1100 1176 extrema
1123 1114 1310 1177 valetudine

191 1217 307 1280 scrinia
331 1215 526 1280 desideravit
550 1226 747 1282 crematurus
771 1219 856 1304 ipse:
882 1239 993 1280 verum
1010 1219 1139 1280 nomine
1154 1218 1310 1282 offerente

189 1321 270 1385 nihil
295 1321 426 1406 quidem
449 1324 641 1386 nominatim
665 1323 705 1386 de
730 1344 768 1386 ea
792 1324 886 1403 cavit,
913 1329 1055 1384 ceterum
1081 1322 1187 1384 cidem
1210 1307 1310 1385 Vario

191 1448 227 1489 ac
251 1427 348 1489 simul
372 1427 505 1508 (Plotio)
529 1427 655 1491 Tuae-rc
681 1430 799 1512 scripta
827 1451 883 1490 sua
908 1429 966 1490 sub
992 1449 1030 1490 ea
1054 1427 1243 1491 condicione
1266 1429 1312 1490 le·

190 1531 290 1616 gavit,
315 1553 355 1593 nc
381 1532 456 1616 qnid
481 1532 615 1595 ederent
635 1533 720 1617 quod
744 1555 809 1596 non
833 1555 851 1595 a
875 1554 908 1595 se
934 1533 1057 1595 editum
1081 1539 1175 1596 esset.
1200 1531 1312 1595 Edidit

191 1643 299 1700 autem
333 1644 463 1706 auotore
497 1638 647 1721 Augusto
683 1637 810 1717 Varius,
837 1637 893 1699 sod
918 1638 1101 1700 summatim
1126 1636 1309 1716 emendata,

191 1749 227 1804 ut
263 1743 317 1826 qui
353 1764 463 1805 versus
499 1744 596 1805 otiam
619 1744 824 1827 imperfectos
848 1743 930 1805 sicut
954 1749 1046 1805 crant
1069 1743 1234 1827 reliquerit
1237 1789 1288 1804 .....
1291 1739 1310 1768 ’⁹

193 1846 256 1928 (lta
279 1847 427 1910 Donatus
452 1855 579 1910 auctore
608 1847 772 1929 SuetoniO,
797 1870 850 1932 pg.
876 1851 916 1910 63
942 1847 1023 1932 sqq.)

235 1952 289 2014 Ex
324 1973 362 2015 eo
394 1949 511 2033 autom,
537 1953 620 2037 quod
647 1951 806 2037 Vergilius
830 1952 995 2016 dicebatur
1018 1951 1166 2016 Aeneida
1190 1953 1309 2037 imper-

191 2057 311 2120 fectum
347 2058 513 2142 reliquisse
538 2065 570 2120 et
589 2058 761 2120 moriturus
781 2058 966 2120 comburere
989 2057 1137 2138 voluisse,
1158 2055 1309 2120 Ovidium

193 2165 282 2226 aiunt
320 2164 505 2247 exemplum
540 2163 712 2247 sumpsisse
749 2162 820 2226 oum
856 2162 1011 2226 imitando
1043 2162 1251 2243 fabularetur,
1276 2182 1310 2224 se

192 2267 412 2332 discedentem
448 2289 491 2331 ex
525 2268 603 2331 urbe
639 2268 916 2352 Metamorphoses
940 2268 973 2330 in
996 2267 1071 2351 igne
1095 2268 1254 2351 posuisse,
1278 2274 1312 2329 at

193 2373 343 2456 quoniam
379 2373 478 2435 nihilo
516 2373 620 2436 minus
656 2380 831 2454 exstarent,
866 2373 998 2436 finxisse
1034 2393 1088 2435 eas
1121 2373 1186 2434 iam
1216 2378 1312 2436 antea

193 2478 336 2563 pluribus
368 2480 526 2564 exornplis
550 2479 683 2562 scriptas
707 2477 814 2540 fuisso.
839 2476 948 2539 Ovidii
972 2478 1070 2561 igitur
1094 2477 1242 2559 imitatio,
1266 2477 1311 2540 ita

192 2583 290 2665 aiunt,
315 2590 452 2647 testatur
476 2584 692 2647 narrationem
715 2583 813 2662 illam,
839 2603 901 2665 qua
924 2583 1048 2645 ratione
1072 2581 1195 2644 Aeneis
1219 2582 1305 2645 edita

193 2688 242 2770 sit,
266 2710 331 2751 non
355 2711 373 2752 a
396 2687 613 2773 grammaticis
636 2687 771 2770 posteris
795 2686 902 2748 fictam
927 2686 1032 2767 esser)

235 2791 288 2854 Ab
333 2794 381 2874 iis,
422 2793 474 2876 qui
503 2792 584 2855 hacc
612 2791 755 2871 crodunt,
789 2790 814 2852 si
846 2810 910 2851 non
955 2791 1087 2853 allatum
1127 2797 1185 2872 est,
1221 2797 1307 2854 certe

193 2897 299 2960 afferri
323 2898 428 2983 potuit
451 2897 512 2960 hoc
531 2901 772 2981 argumentum:
794 2893 945 2957 Ovidium
964 2895 1016 2958 hio
1033 2896 1164 2958 mutatis
1181 2901 1307 2959 mutan-

193 3001 240 3064 dis
263 3003 377 3065 fecisse
397 3002 481 3087 quod
510 3001 658 3065 Gallione
678 3006 806 3063 auctore
832 3000 865 3061 in
889 2999 997 3062 multis
1016 2999 1161 3061 versibus
1171 2997 1309 3082 Vergilii

192 3107 321 3189 fecerat,
361 3129 425 3170 non
456 3107 648 3192 surripiendi
679 3127 774 3169 causa
806 3105 863 3168 sed
895 3106 1003 3189 palam
1034 3103 1213 3185 mutuandi,
1249 3103 1309 3166 hoc

192 3212 298 3274 animo
323 3216 358 3274 ut
380 3213 479 3275 vellet
503 3202 642 3297 agnosci.
652 3210 676 3294 ³)

237 3313 369 3379 Mirifice
401 3338 478 3400 crgo
503 3317 637 3381 Ovidius
661 3316 807 3400 Vergilio
819 3315 969 3378 morienti
983 3315 1126 3379 fabulam
1139 3312 1308 3398 surripuis-

192 3422 253 3484 set!
288 3420 353 3484 lta:
390 3420 527 3506 Vergilii
563 3443 648 3484 mors
683 3421 883 3506 praeclarum
919 3441 999 3504 opus
1031 3420 1099 3482 eius
1123 3418 1307 3502 interrupit:

193 3525 245 3588 ille
282 3526 505 3611 imperfectam
538 3524 687 3588 Aeneida
721 3524 866 3608 reliquit,
891 3523 998 3586 Ovidii
1023 3523 1128 3586 subita
1152 3523 1307 3607 relegatio

190 3630 365 3714 gloriosum
389 3632 457 3694 eius
481 3651 596 3711 poema
619 3630 721 3714 rupit:
742 3629 794 3691 hic
812 3629 1006 3692 incorrectas
1026 3626 1305 3711 Metamorphoses

192 3735 330 3818 reliquit.

235 3843 329 3906 Haeo
363 3864 397 3905 re
432 3863 509 3906 vera
543 3843 651 3927 palam
687 3839 855 3902 mutuandi
879 3860 975 3902 eausa
999 3836 1151 3901 Ovidium
1174 3836 1307 3899 finxisse

193 3948 387 4012 credendum
420 3949 491 4011 est?
526 3947 618 4010 Itane
654 3966 729 4009 vero
755 3967 828 4008 eum
853 3944 929 4008 talia
953 3941 1086 4007 iocando
1111 3948 1144 4004 et
1166 3940 1308 4004 ludendo

193 4106 337 4114 ———

235 4165 262 4235 l)
304 4160 339 4221 Ο.
361 4161 505 4228 Ribbeck,
527 4159 739 4235 Prolegomena
761 4157 790 4214 in
812 4157 899 4232 Verg.
919 4176 966 4232 pg.
988 4155 1035 4213 87.

234 4243 269 4314 2)Ι
305 4241 353 4298 lta
385 4242 440 4298 Th.
473 4241 548 4308 Birt,
579 4238 631 4296 das
653 4238 763 4296 Antike
783 4237 969 4304 Buchweseu,
990 4255 1037 4310 pg.
1060 4234 1129 4292 347.
1151 4232 1250 4290 Etiam
1273 4231 1309 4290 A.

194 4322 278 4379 Riese
300 4321 340 4390 Il,
361 4319 450 4397 praei.
474 4319 507 4386 V,
530 4319 605 4375 dicit
624 4317 764 4376 Ovidium
787 4316 906 4374 Metam.
919 4315 1013 4371 delore
1031 4313 1202 4388 Vergiliano
1214 4331 1309 4369 exem·

193 4401 241 4476 plo
281 4401 312 4458 in
341 4401 441 4458 animo
464 4398 601 4455 habuisse
622 4397 725 4465 videri,
747 4395 797 4454 sed
818 4413 887 4453 cum
908 4395 968 4451 iam
990 4393 1027 4450 ob
1049 4393 1115 4450 aliis
1137 4393 1226 4465 (elam
1247 4391 1309 4466 ipso

194 4483 316 4554 postet)
346 4479 509 4554 descriptae
533 4478 666 4547 luissent,
687 4475 843 4535 consilium
864 4473 1000 4549 perficere
1023 4493 1079 4532 uon
1102 4471 1241 4547 potuisse.

234 4561 264 4634 3)
305 4561 424 4630 Seneca,
446 4559 529 4617 Suos.
550 4559 577 4624 3,
600 4557 626 4616 7.
