<?xml version="1.0" encoding="UTF-8"?>
<!DOCTYPE html PUBLIC "-//W3C//DTD XHTML 1.0 Transitional//EN"
    "http://www.w3.org/TR/xhtml1/DTD/xhtml1-transitional.dtd">
<html xmlns="http://www.w3.org/1999/xhtml" xml:lang="en" lang="en">
 <head>
  <title>
</title>
<meta http-equiv="Content-Type" content="text/html;charset=utf-8" />
  <meta name='ocr-system' content='tesseract 3.04.00' />
  <meta name='ocr-capabilities' content='ocr_page ocr_carea ocr_par ocr_line ocrx_word'/>
</head>
<body>
  <div class='ocr_page' id='page_1' title='image "./deovidiimetamor00kramgoog_0093.png"; bbox 0 0 2956 4958; ppageno 0'>
   <div class='ocr_carea' id='block_1_1' title="bbox 715 400 757 461">
    <p class='ocr_par' dir='ltr' id='par_1_1' title="bbox 715 400 757 461">
     <span class='ocr_line' id='line_1_1' title="bbox 715 400 757 461; baseline 0 0"><span class='ocrx_word' id='word_1_1' title='bbox 715 400 757 461; x_wconf 82' lang='lat'>80</span> 
     </span>
    </p>
   </div>
   <div class='ocr_carea' id='block_1_2' title="bbox 173 578 1303 4554">
    <p class='ocr_par' dir='ltr' id='par_1_2' title="bbox 176 578 1303 1284">
     <span class='ocr_line' id='line_1_2' title="bbox 178 578 1303 670; baseline -0.006 -26"><span class='ocrx_word' id='word_1_2' title='bbox 178 579 303 646; x_wconf 87' lang='lat' dir='ltr'>flumini</span> <span class='ocrx_word' id='word_1_3' title='bbox 346 579 578 666; x_wconf 83' lang='lat' dir='ltr'>impedimento</span> <span class='ocrx_word' id='word_1_4' title='bbox 623 591 707 664; x_wconf 91' lang='lat' dir='ltr'>sunt,</span> <span class='ocrx_word' id='word_1_5' title='bbox 750 582 974 670; x_wconf 72' lang='lat' dir='ltr'>depravationi</span> <span class='ocrx_word' id='word_1_6' title='bbox 1008 578 1167 643; x_wconf 88' lang='lat' dir='ltr'>librorum</span> <span class='ocrx_word' id='word_1_7' title='bbox 1201 592 1303 638; x_wconf 90' lang='lat' dir='ltr'>mann</span> 
     </span>
     <span class='ocr_line' id='line_1_3' title="bbox 177 684 1303 774; baseline -0.007 -24"><span class='ocrx_word' id='word_1_8' title='bbox 177 689 369 773; x_wconf 89' lang='lat' dir='ltr'>scriptorum</span> <span class='ocrx_word' id='word_1_9' title='bbox 394 693 449 750; x_wconf 91' lang='lat' dir='ltr'>aut</span> <span class='ocrx_word' id='word_1_10' title='bbox 474 688 696 771; x_wconf 73' lang='lat' dir='ltr'>interpolatori</span> <span class='ocrx_word' id='word_1_11' title='bbox 721 689 860 774; x_wconf 89' lang='lat' dir='ltr'>cuipiam</span> <span class='ocrx_word' id='word_1_12' title='bbox 886 694 918 750; x_wconf 90' lang='lat' dir='ltr'>et</span> <span class='ocrx_word' id='word_1_13' title='bbox 942 686 1084 749; x_wconf 79' lang='lat' dir='ltr'>falsatori</span> <span class='ocrx_word' id='word_1_14' title='bbox 1108 684 1303 769; x_wconf 87' lang='lat' dir='ltr'>plerumque</span> 
     </span>
     <span class='ocr_line' id='line_1_4' title="bbox 177 786 1302 872; baseline -0.007 -16"><span class='ocrx_word' id='word_1_15' title='bbox 177 792 413 856; x_wconf 88' lang='lat' dir='ltr'>adscribuntur.</span> <span class='ocrx_word' id='word_1_16' title='bbox 439 792 546 864; x_wconf 76' lang='lat' dir='ltr'>Quare</span> <span class='ocrx_word' id='word_1_17' title='bbox 570 793 645 855; x_wconf 89' lang='lat' dir='ltr'>inde</span> <span class='ocrx_word' id='word_1_18' title='bbox 670 817 688 856; x_wconf 86' lang='lat' dir='ltr'>a</span> <span class='ocrx_word' id='word_1_19' title='bbox 712 795 839 857; x_wconf 87' lang='lat' dir='ltr'>saeculo</span> <span class='ocrx_word' id='word_1_20' title='bbox 864 794 988 856; x_wconf 91' lang='lat' dir='ltr'>decimo</span> <span class='ocrx_word' id='word_1_21' title='bbox 1013 796 1106 853; x_wconf 87' lang='lat' dir='ltr'>sexto</span> <span class='ocrx_word' id='word_1_22' title='bbox 1131 808 1236 872; x_wconf 83' lang='lat' dir='ltr'>usque</span> <span class='ocrx_word' id='word_1_23' title='bbox 1261 786 1302 848; x_wconf 88' lang='lat' dir='ltr'>ad</span> 
     </span>
     <span class='ocr_line' id='line_1_5' title="bbox 177 893 1301 984; baseline -0.007 -23"><span class='ocrx_word' id='word_1_24' title='bbox 177 906 285 961; x_wconf 89' lang='lat' dir='ltr'>nostra</span> <span class='ocrx_word' id='word_1_25' title='bbox 320 903 467 982; x_wconf 92' lang='lat' dir='ltr'>tempora</span> <span class='ocrx_word' id='word_1_26' title='bbox 502 898 642 962; x_wconf 77' lang='lat' dir='ltr'>editores</span> <span class='ocrx_word' id='word_1_27' title='bbox 677 901 795 984; x_wconf 89' lang='lat' dir='ltr'>aliique</span> <span class='ocrx_word' id='word_1_28' title='bbox 831 899 890 960; x_wconf 89' lang='lat' dir='ltr'>viri</span> <span class='ocrx_word' id='word_1_29' title='bbox 926 897 981 981; x_wconf 92' lang='lat' dir='ltr'>qui</span> <span class='ocrx_word' id='word_1_30' title='bbox 1016 902 1119 958; x_wconf 91' lang='lat' dir='ltr'>artem</span> <span class='ocrx_word' id='word_1_31' title='bbox 1155 893 1301 956; x_wconf 79' lang='lat' dir='ltr'>criticam</span> 
     </span>
     <span class='ocr_line' id='line_1_6' title="bbox 178 997 1303 1088; baseline -0.007 -22"><span class='ocrx_word' id='word_1_32' title='bbox 178 1003 376 1066; x_wconf 77' lang='lat' dir='ltr'>exercebant</span> <span class='ocrx_word' id='word_1_33' title='bbox 409 1024 466 1087; x_wconf 90' lang='lat' dir='ltr'>pro</span> <span class='ocrx_word' id='word_1_34' title='bbox 502 1004 586 1066; x_wconf 83' lang='lat' dir='ltr'>virili</span> <span class='ocrx_word' id='word_1_35' title='bbox 621 1011 712 1088; x_wconf 88' lang='lat' dir='ltr'>parte</span> <span class='ocrx_word' id='word_1_36' title='bbox 749 1003 1028 1088; x_wconf 75' lang='lat' dir='ltr'>Metamorphoses</span> <span class='ocrx_word' id='word_1_37' title='bbox 1062 999 1150 1062; x_wconf 89' lang='lat' dir='ltr'>falsis</span> <span class='ocrx_word' id='word_1_38' title='bbox 1175 997 1303 1061; x_wconf 87' lang='lat' dir='ltr'>addita-</span> 
     </span>
     <span class='ocr_line' id='line_1_7' title="bbox 177 1104 1303 1194; baseline -0.004 -25"><span class='ocrx_word' id='word_1_39' title='bbox 177 1107 293 1170; x_wconf 89' lang='lat' dir='ltr'>mentis</span> <span class='ocrx_word' id='word_1_40' title='bbox 317 1127 493 1191; x_wconf 88' lang='lat' dir='ltr'>repurgare</span> <span class='ocrx_word' id='word_1_41' title='bbox 517 1108 709 1172; x_wconf 89' lang='lat' dir='ltr'>studuerunt</span> <span class='ocrx_word' id='word_1_42' title='bbox 729 1109 781 1190; x_wconf 87' lang='lat' dir='ltr'>(cf.</span> <span class='ocrx_word' id='word_1_43' title='bbox 806 1132 859 1194; x_wconf 88' lang='lat' dir='ltr'>pg.</span> <span class='ocrx_word' id='word_1_44' title='bbox 887 1111 902 1170; x_wconf 81' lang='lat' dir='ltr'>l</span> <span class='ocrx_word' id='word_1_45' title='bbox 930 1106 1010 1191; x_wconf 88' lang='lat' dir='ltr'>sqq.)</span> <span class='ocrx_word' id='word_1_46' title='bbox 1030 1104 1187 1167; x_wconf 89' lang='lat' dir='ltr'>Heinsius</span> <span class='ocrx_word' id='word_1_47' title='bbox 1199 1104 1303 1187; x_wconf 91' lang='lat' dir='ltr'>igitur</span> 
     </span>
     <span class='ocr_line' id='line_1_8' title="bbox 176 1212 615 1284; baseline 0.007 -10"><span class='ocrx_word' id='word_1_48' title='bbox 176 1212 263 1284; x_wconf 80' lang='lat' dir='ltr'>vieit3</span> <span class='ocrx_word' id='word_1_49' title='bbox 288 1212 357 1275; x_wconf 89' lang='lat' dir='ltr'>eius</span> <span class='ocrx_word' id='word_1_50' title='bbox 381 1213 463 1275; x_wconf 87' lang='lat' dir='ltr'>ratio</span> <span class='ocrx_word' id='word_1_51' title='bbox 488 1215 615 1277; x_wconf 91' lang='lat' dir='ltr'>mansit.</span> 
     </span>
    </p>

    <p class='ocr_par' dir='ltr' id='par_1_3' title="bbox 175 1313 1303 2347">
     <span class='ocr_line' id='line_1_9' title="bbox 220 1313 1301 1382; baseline -0.002 -4"><span class='ocrx_word' id='word_1_52' title='bbox 220 1315 383 1378; x_wconf 82' lang='lat' dir='ltr'>Paulatim</span> <span class='ocrx_word' id='word_1_53' title='bbox 418 1338 494 1380; x_wconf 86' lang='lat' dir='ltr'>voro</span> <span class='ocrx_word' id='word_1_54' title='bbox 530 1318 582 1380; x_wconf 89' lang='lat' dir='ltr'>hic</span> <span class='ocrx_word' id='word_1_55' title='bbox 610 1320 675 1382; x_wconf 92' lang='lat' dir='ltr'>illic</span> <span class='ocrx_word' id='word_1_56' title='bbox 699 1319 916 1382; x_wconf 88' lang='lat' dir='ltr'>dubitationes</span> <span class='ocrx_word' id='word_1_57' title='bbox 941 1324 1029 1380; x_wconf 89' lang='lat' dir='ltr'>ortae</span> <span class='ocrx_word' id='word_1_58' title='bbox 1054 1322 1138 1378; x_wconf 92' lang='lat' dir='ltr'>sunt.</span> <span class='ocrx_word' id='word_1_59' title='bbox 1164 1314 1236 1377; x_wconf 90' lang='lat' dir='ltr'>Iam</span> <span class='ocrx_word' id='word_1_60' title='bbox 1262 1313 1301 1376; x_wconf 87' lang='grc' dir='ltr'>Ο.</span> 
     </span>
     <span class='ocr_line' id='line_1_10' title="bbox 177 1420 1303 1507; baseline -0.004 -21"><span class='ocrx_word' id='word_1_61' title='bbox 177 1423 278 1504; x_wconf 87' lang='lat' dir='ltr'>Korn,</span> <span class='ocrx_word' id='word_1_62' title='bbox 315 1445 387 1486; x_wconf 89' lang='lat' dir='ltr'>eum</span> <span class='ocrx_word' id='word_1_63' title='bbox 422 1422 466 1486; x_wconf 88' lang='lat' dir='ltr'>M.</span> <span class='ocrx_word' id='word_1_64' title='bbox 496 1422 633 1507; x_wconf 91' lang='lat' dir='ltr'>Hauptii</span> <span class='ocrx_word' id='word_1_65' title='bbox 659 1423 833 1486; x_wconf 87' lang='lat' dir='ltr'>editionem</span> <span class='ocrx_word' id='word_1_66' title='bbox 857 1420 1164 1504; x_wconf 87' lang='lat' dir='ltr'>Metamorplroseon</span> <span class='ocrx_word' id='word_1_67' title='bbox 1188 1439 1303 1502; x_wconf 91' lang='lat' dir='ltr'>recog·</span> 
     </span>
     <span class='ocr_line' id='line_1_11' title="bbox 176 1523 1302 1613; baseline -0.006 -22"><span class='ocrx_word' id='word_1_68' title='bbox 176 1535 333 1609; x_wconf 91' lang='lat' dir='ltr'>nosceret,</span> <span class='ocrx_word' id='word_1_69' title='bbox 358 1528 391 1590; x_wconf 94' lang='lat' dir='ltr'>in</span> <span class='ocrx_word' id='word_1_70' title='bbox 409 1528 512 1612; x_wconf 85' lang='lat' dir='ltr'>praei.</span> <span class='ocrx_word' id='word_1_71' title='bbox 533 1527 605 1592; x_wconf 90' lang='lat' dir='ltr'>Vol.</span> <span class='ocrx_word' id='word_1_72' title='bbox 627 1528 671 1608; x_wconf 92' lang='lat' dir='ltr'>Il,</span> <span class='ocrx_word' id='word_1_73' title='bbox 692 1551 745 1613; x_wconf 92' lang='lat' dir='ltr'>pg.</span> <span class='ocrx_word' id='word_1_74' title='bbox 772 1531 790 1590; x_wconf 85' lang='lat'><strong>3</strong></span> <span class='ocrx_word' id='word_1_75' title='bbox 815 1527 875 1590; x_wconf 90' lang='lat' dir='ltr'>sibi</span> <span class='ocrx_word' id='word_1_76' title='bbox 900 1547 1089 1612; x_wconf 89' lang='lat' dir='ltr'>persuasum</span> <span class='ocrx_word' id='word_1_77' title='bbox 1114 1544 1184 1587; x_wconf 90' lang='lat' dir='ltr'>csse</span> <span class='ocrx_word' id='word_1_78' title='bbox 1204 1523 1302 1601; x_wconf 83' lang='lat' dir='ltr'>dixit,</span> 
     </span>
     <span class='ocr_line' id='line_1_12' title="bbox 178 1632 1301 1713; baseline -0.004 -19"><span class='ocrx_word' id='word_1_79' title='bbox 178 1632 271 1712; x_wconf 85' lang='lat' dir='ltr'>,dass</span> <span class='ocrx_word' id='word_1_80' title='bbox 295 1632 347 1695; x_wconf 92' lang='lat' dir='ltr'>die</span> <span class='ocrx_word' id='word_1_81' title='bbox 371 1634 460 1696; x_wconf 90' lang='lat' dir='ltr'>nicht</span> <span class='ocrx_word' id='word_1_82' title='bbox 485 1634 589 1696; x_wconf 88' lang='lat' dir='ltr'>selten</span> <span class='ocrx_word' id='word_1_83' title='bbox 613 1634 646 1696; x_wconf 91' lang='lat' dir='ltr'>in</span> <span class='ocrx_word' id='word_1_84' title='bbox 670 1633 743 1697; x_wconf 91' lang='lat' dir='ltr'>dem</span> <span class='ocrx_word' id='word_1_85' title='bbox 768 1633 951 1696; x_wconf 84' lang='lat' dir='ltr'>Marcianus</span> <span class='ocrx_word' id='word_1_86' title='bbox 978 1634 1041 1694; x_wconf 80' lang='lat'>225</span> <span class='ocrx_word' id='word_1_87' title='bbox 1067 1634 1301 1713; x_wconf 88' lang='lat' dir='ltr'>entgegentrc-</span> 
     </span>
     <span class='ocr_line' id='line_1_13' title="bbox 176 1733 1301 1822; baseline -0.002 -24"><span class='ocrx_word' id='word_1_88' title='bbox 176 1736 298 1800; x_wconf 91' lang='lat' dir='ltr'>tenden</span> <span class='ocrx_word' id='word_1_89' title='bbox 343 1737 588 1822; x_wconf 88' lang='lat' dir='ltr'>Rauhigkeiten</span> <span class='ocrx_word' id='word_1_90' title='bbox 625 1738 691 1801; x_wconf 91' lang='lat' dir='ltr'>und</span> <span class='ocrx_word' id='word_1_91' title='bbox 729 1737 980 1800; x_wconf 90' lang='lat' dir='ltr'>Unebenhciten</span> <span class='ocrx_word' id='word_1_92' title='bbox 1014 1735 1071 1798; x_wconf 92' lang='lat' dir='ltr'>des</span> <span class='ocrx_word' id='word_1_93' title='bbox 1105 1733 1301 1797; x_wconf 82' lang='lat' dir='ltr'>Ausdrucks</span> 
     </span>
     <span class='ocr_line' id='line_1_14' title="bbox 177 1839 1301 1906; baseline -0.004 -1"><span class='ocrx_word' id='word_1_94' title='bbox 177 1842 265 1905; x_wconf 88' lang='lat' dir='ltr'>nieht</span> <span class='ocrx_word' id='word_1_95' title='bbox 309 1843 430 1905; x_wconf 87' lang='lat' dir='ltr'>sowohl</span> <span class='ocrx_word' id='word_1_96' title='bbox 465 1843 528 1905; x_wconf 91' lang='lat' dir='ltr'>den</span> <span class='ocrx_word' id='word_1_97' title='bbox 563 1843 804 1906; x_wconf 91' lang='lat' dir='ltr'>Abschreibern</span> <span class='ocrx_word' id='word_1_98' title='bbox 840 1843 884 1905; x_wconf 84' lang='lat' dir='ltr'>als</span> <span class='ocrx_word' id='word_1_99' title='bbox 920 1841 994 1904; x_wconf 91' lang='lat' dir='ltr'>dem</span> <span class='ocrx_word' id='word_1_100' title='bbox 1028 1839 1163 1902; x_wconf 88' lang='lat' dir='ltr'>Dichter</span> <span class='ocrx_word' id='word_1_101' title='bbox 1198 1839 1301 1901; x_wconf 91' lang='lat' dir='ltr'>selbst</span> 
     </span>
     <span class='ocr_line' id='line_1_15' title="bbox 177 1944 1300 2029; baseline -0.004 -19"><span class='ocrx_word' id='word_1_102' title='bbox 177 1947 400 2010; x_wconf 85' lang='lat' dir='ltr'>zuaurechnen</span> <span class='ocrx_word' id='word_1_103' title='bbox 435 1948 555 2011; x_wconf 81' lang='lat' dir='ltr'>seien.&#39;’</span> <span class='ocrx_word' id='word_1_104' title='bbox 580 1949 622 2011; x_wconf 84' lang='lat' dir='ltr'>Et</span> <span class='ocrx_word' id='word_1_105' title='bbox 646 1947 676 2010; x_wconf 81' lang='lat' dir='ltr'><strong>A</strong></span> <span class='ocrx_word' id='word_1_106' title='bbox 699 1948 808 2029; x_wconf 86' lang='lat' dir='ltr'>Riese,</span> <span class='ocrx_word' id='word_1_107' title='bbox 834 1947 928 2010; x_wconf 88' lang='lat' dir='ltr'>Ovid.</span> <span class='ocrx_word' id='word_1_108' title='bbox 952 1946 1026 2009; x_wconf 87' lang='lat' dir='ltr'>Vol.</span> <span class='ocrx_word' id='word_1_109' title='bbox 1051 1945 1095 2025; x_wconf 89' lang='lat' dir='ltr'>Il,</span> <span class='ocrx_word' id='word_1_110' title='bbox 1115 1944 1217 2029; x_wconf 88' lang='lat' dir='ltr'>praef.</span> <span class='ocrx_word' id='word_1_111' title='bbox 1244 1966 1300 2028; x_wconf 91' lang='lat' dir='ltr'>pg.</span> 
     </span>
     <span class='ocr_line' id='line_1_16' title="bbox 175 2050 1300 2135; baseline -0.003 -22"><span class='ocrx_word' id='word_1_112' title='bbox 175 2052 278 2116; x_wconf 89' lang='lat' dir='ltr'>VIII:</span> <span class='ocrx_word' id='word_1_113' title='bbox 313 2054 602 2132; x_wconf 80' lang='lat' dir='ltr'>,verisimillimum</span> <span class='ocrx_word' id='word_1_114' title='bbox 622 2060 680 2135; x_wconf 89' lang='lat' dir='ltr'>est,</span> <span class='ocrx_word' id='word_1_115' title='bbox 700 2053 899 2116; x_wconf 87' lang='lat' dir='ltr'>diversarum</span> <span class='ocrx_word' id='word_1_116' title='bbox 919 2052 1094 2114; x_wconf 89' lang='lat' dir='ltr'>lectionum</span> <span class='ocrx_word' id='word_1_117' title='bbox 1115 2050 1233 2112; x_wconf 91' lang='lat' dir='ltr'>multas</span> <span class='ocrx_word' id='word_1_118' title='bbox 1259 2050 1300 2111; x_wconf 91' lang='lat' dir='ltr'>ab</span> 
     </span>
     <span class='ocr_line' id='line_1_17' title="bbox 176 2155 1301 2243; baseline -0.003 -24"><span class='ocrx_word' id='word_1_119' title='bbox 176 2159 246 2242; x_wconf 90' lang='lat' dir='ltr'>ipso</span> <span class='ocrx_word' id='word_1_120' title='bbox 271 2159 430 2242; x_wconf 89' lang='lat' dir='ltr'>originem</span> <span class='ocrx_word' id='word_1_121' title='bbox 454 2158 605 2222; x_wconf 81' lang='lat' dir='ltr'>ducere.&#39;&#39;</span> <span class='ocrx_word' id='word_1_122' title='bbox 630 2159 775 2243; x_wconf 87' lang='lat' dir='ltr'>Uterque</span> <span class='ocrx_word' id='word_1_123' title='bbox 800 2158 840 2221; x_wconf 87' lang='lat' dir='ltr'>ad</span> <span class='ocrx_word' id='word_1_124' title='bbox 863 2157 947 2220; x_wconf 88' lang='lat' dir='ltr'>hane</span> <span class='ocrx_word' id='word_1_125' title='bbox 967 2157 1161 2218; x_wconf 86' lang='lat' dir='ltr'>sententiam</span> <span class='ocrx_word' id='word_1_126' title='bbox 1182 2155 1301 2217; x_wconf 83' lang='lat' dir='ltr'>ductus</span> 
     </span>
     <span class='ocr_line' id='line_1_18' title="bbox 176 2261 1276 2347; baseline -0.002 -23"><span class='ocrx_word' id='word_1_127' title='bbox 176 2268 290 2324; x_wconf 88' lang='lat' dir='ltr'>estex</span> <span class='ocrx_word' id='word_1_128' title='bbox 315 2283 364 2344; x_wconf 92' lang='lat' dir='ltr'>co,</span> <span class='ocrx_word' id='word_1_129' title='bbox 388 2264 475 2347; x_wconf 91' lang='lat' dir='ltr'>quod</span> <span class='ocrx_word' id='word_1_130' title='bbox 502 2263 637 2326; x_wconf 90' lang='lat' dir='ltr'>Ovidius</span> <span class='ocrx_word' id='word_1_131' title='bbox 662 2284 742 2347; x_wconf 88' lang='lat' dir='ltr'>opus</span> <span class='ocrx_word' id='word_1_132' title='bbox 767 2285 860 2326; x_wconf 87' lang='lat' dir='ltr'>suum</span> <span class='ocrx_word' id='word_1_133' title='bbox 884 2261 1110 2346; x_wconf 86' lang='lat' dir='ltr'>imperfectum</span> <span class='ocrx_word' id='word_1_134' title='bbox 1134 2261 1276 2345; x_wconf 88' lang='lat' dir='ltr'>reliquit.</span> 
     </span>
    </p>

    <p class='ocr_par' dir='ltr' id='par_1_4' title="bbox 176 2365 1302 3290">
     <span class='ocr_line' id='line_1_19' title="bbox 221 2365 1300 2453; baseline 0 -26"><span class='ocrx_word' id='word_1_135' title='bbox 221 2366 345 2429; x_wconf 85' lang='lat' dir='ltr'>Verum</span> <span class='ocrx_word' id='word_1_136' title='bbox 377 2369 467 2449; x_wconf 89' lang='lat' dir='ltr'>haec,</span> <span class='ocrx_word' id='word_1_137' title='bbox 492 2389 574 2453; x_wconf 89' lang='lat' dir='ltr'>quae</span> <span class='ocrx_word' id='word_1_138' title='bbox 599 2368 752 2431; x_wconf 90' lang='lat' dir='ltr'>dixerunt</span> <span class='ocrx_word' id='word_1_139' title='bbox 775 2367 867 2431; x_wconf 86' lang='lat' dir='ltr'>Korn</span> <span class='ocrx_word' id='word_1_140' title='bbox 891 2373 923 2429; x_wconf 89' lang='lat' dir='ltr'>et</span> <span class='ocrx_word' id='word_1_141' title='bbox 952 2366 1061 2447; x_wconf 82' lang='lat' dir='ltr'>Riese,</span> <span class='ocrx_word' id='word_1_142' title='bbox 1085 2372 1234 2450; x_wconf 83' lang='lat' dir='ltr'>spectant</span> <span class='ocrx_word' id='word_1_143' title='bbox 1259 2365 1300 2428; x_wconf 90' lang='lat' dir='ltr'>ad</span> 
     </span>
     <span class='ocr_line' id='line_1_20' title="bbox 176 2470 1301 2557; baseline -0.003 -25"><span class='ocrx_word' id='word_1_144' title='bbox 176 2471 367 2534; x_wconf 88' lang='lat' dir='ltr'>varietatem</span> <span class='ocrx_word' id='word_1_145' title='bbox 404 2479 437 2535; x_wconf 93' lang='lat' dir='ltr'>ct</span> <span class='ocrx_word' id='word_1_146' title='bbox 471 2472 734 2557; x_wconf 85' lang='lat' dir='ltr'>depravationem</span> <span class='ocrx_word' id='word_1_147' title='bbox 759 2473 935 2557; x_wconf 89' lang='lat' dir='ltr'>scripturae</span> <span class='ocrx_word' id='word_1_148' title='bbox 960 2473 985 2534; x_wconf 92' lang='lat' dir='ltr'>si</span> <span class='ocrx_word' id='word_1_149' title='bbox 1010 2471 1135 2535; x_wconf 90' lang='lat' dir='ltr'>codices</span> <span class='ocrx_word' id='word_1_150' title='bbox 1159 2470 1245 2533; x_wconf 88' lang='lat' dir='ltr'>inter</span> <span class='ocrx_word' id='word_1_151' title='bbox 1265 2493 1301 2533; x_wconf 86' lang='lat' dir='ltr'>so</span> 
     </span>
     <span class='ocr_line' id='line_1_21' title="bbox 177 2575 1301 2661; baseline 0.001 -24"><span class='ocrx_word' id='word_1_152' title='bbox 177 2575 360 2661; x_wconf 89' lang='lat' dir='ltr'>discrepant</span> <span class='ocrx_word' id='word_1_153' title='bbox 391 2584 447 2640; x_wconf 88' lang='lat' dir='ltr'>aut</span> <span class='ocrx_word' id='word_1_154' title='bbox 481 2577 568 2640; x_wconf 93' lang='lat' dir='ltr'>idem</span> <span class='ocrx_word' id='word_1_155' title='bbox 604 2577 718 2659; x_wconf 82' lang='lat' dir='ltr'>codex,</span> <span class='ocrx_word' id='word_1_156' title='bbox 755 2585 791 2640; x_wconf 90' lang='lat' dir='ltr'>ut</span> <span class='ocrx_word' id='word_1_157' title='bbox 827 2583 905 2661; x_wconf 90' lang='lat' dir='ltr'>puto</span> <span class='ocrx_word' id='word_1_158' title='bbox 936 2576 1129 2657; x_wconf 89' lang='lat' dir='ltr'>Marcianus,</span> <span class='ocrx_word' id='word_1_159' title='bbox 1154 2575 1301 2638; x_wconf 87' lang='lat' dir='ltr'>diversas</span> 
     </span>
     <span class='ocr_line' id='line_1_22' title="bbox 177 2680 1302 2764; baseline 0.002 -22"><span class='ocrx_word' id='word_1_160' title='bbox 177 2680 322 2744; x_wconf 90' lang='lat' dir='ltr'>ciusdem</span> <span class='ocrx_word' id='word_1_161' title='bbox 358 2681 403 2744; x_wconf 90' lang='lat' dir='ltr'>rei</span> <span class='ocrx_word' id='word_1_162' title='bbox 437 2683 591 2745; x_wconf 91' lang='lat' dir='ltr'>lectiones</span> <span class='ocrx_word' id='word_1_163' title='bbox 616 2682 760 2744; x_wconf 88' lang='lat' dir='ltr'>exhibet.</span> <span class='ocrx_word' id='word_1_164' title='bbox 784 2681 876 2744; x_wconf 90' lang='lat' dir='ltr'>Haec</span> <span class='ocrx_word' id='word_1_165' title='bbox 901 2682 1060 2744; x_wconf 84' lang='lat' dir='ltr'>sententia</span> <span class='ocrx_word' id='word_1_166' title='bbox 1093 2681 1133 2744; x_wconf 88' lang='lat' dir='ltr'>de</span> <span class='ocrx_word' id='word_1_167' title='bbox 1162 2682 1302 2764; x_wconf 87' lang='lat' dir='ltr'>singulis</span> 
     </span>
     <span class='ocr_line' id='line_1_23' title="bbox 176 2785 1298 2871; baseline 0.002 -25"><span class='ocrx_word' id='word_1_168' title='bbox 176 2807 232 2869; x_wconf 89' lang='lat' dir='ltr'>pro</span> <span class='ocrx_word' id='word_1_169' title='bbox 270 2793 356 2849; x_wconf 89' lang='lat' dir='ltr'>certo</span> <span class='ocrx_word' id='word_1_170' title='bbox 381 2787 514 2850; x_wconf 88' lang='lat' dir='ltr'>stabiliri</span> <span class='ocrx_word' id='word_1_171' title='bbox 539 2808 603 2850; x_wconf 93' lang='lat' dir='ltr'>non</span> <span class='ocrx_word' id='word_1_172' title='bbox 627 2792 751 2871; x_wconf 76' lang='lat' dir='ltr'>potest,</span> <span class='ocrx_word' id='word_1_173' title='bbox 776 2807 851 2848; x_wconf 91' lang='lat' dir='ltr'>nam</span> <span class='ocrx_word' id='word_1_174' title='bbox 875 2785 1048 2848; x_wconf 89' lang='lat' dir='ltr'>admodum</span> <span class='ocrx_word' id='word_1_175' title='bbox 1073 2785 1208 2848; x_wconf 75' lang='lat' dir='ltr'>difficile</span> <span class='ocrx_word' id='word_1_176' title='bbox 1235 2787 1298 2849; x_wconf 92' lang='lat' dir='ltr'>erit</span> 
     </span>
     <span class='ocr_line' id='line_1_24' title="bbox 176 2890 1299 2977; baseline 0.003 -26"><span class='ocrx_word' id='word_1_177' title='bbox 176 2890 362 2968; x_wconf 88' lang='lat' dir='ltr'>diiudicare,</span> <span class='ocrx_word' id='word_1_178' title='bbox 387 2899 494 2955; x_wconf 90' lang='lat' dir='ltr'>utrum</span> <span class='ocrx_word' id='word_1_179' title='bbox 519 2913 618 2977; x_wconf 87' lang='lat' dir='ltr'>prava</span> <span class='ocrx_word' id='word_1_180' title='bbox 640 2891 770 2970; x_wconf 92' lang='lat' dir='ltr'>locuti0,</span> <span class='ocrx_word' id='word_1_181' title='bbox 791 2891 925 2953; x_wconf 89' lang='lat' dir='ltr'>verbum</span> <span class='ocrx_word' id='word_1_182' title='bbox 949 2890 1139 2953; x_wconf 91' lang='lat' dir='ltr'>mendosum</span> <span class='ocrx_word' id='word_1_183' title='bbox 1163 2891 1203 2954; x_wconf 91' lang='lat' dir='ltr'>ab</span> <span class='ocrx_word' id='word_1_184' title='bbox 1218 2891 1299 2954; x_wconf 79' lang='lat' dir='ltr'>Ovi-</span> 
     </span>
     <span class='ocr_line' id='line_1_25' title="bbox 176 2994 1299 3081; baseline 0.004 -25"><span class='ocrx_word' id='word_1_185' title='bbox 176 2994 228 3057; x_wconf 90' lang='lat' dir='ltr'>dio</span> <span class='ocrx_word' id='word_1_186' title='bbox 265 2995 333 3080; x_wconf 91' lang='lat' dir='ltr'>ipso</span> <span class='ocrx_word' id='word_1_187' title='bbox 367 2998 580 3081; x_wconf 85' lang='lat' dir='ltr'>neglegenter</span> <span class='ocrx_word' id='word_1_188' title='bbox 614 2997 655 3058; x_wconf 89' lang='lat' dir='ltr'>sit</span> <span class='ocrx_word' id='word_1_189' title='bbox 678 2996 819 3080; x_wconf 91' lang='lat' dir='ltr'>positum</span> <span class='ocrx_word' id='word_1_190' title='bbox 843 3017 883 3058; x_wconf 89' lang='lat' dir='ltr'>an</span> <span class='ocrx_word' id='word_1_191' title='bbox 908 2997 991 3058; x_wconf 90' lang='lat' dir='ltr'>bene</span> <span class='ocrx_word' id='word_1_192' title='bbox 1015 2996 1155 3080; x_wconf 89' lang='lat' dir='ltr'>positum</span> <span class='ocrx_word' id='word_1_193' title='bbox 1180 2996 1220 3058; x_wconf 89' lang='lat' dir='ltr'>ab</span> <span class='ocrx_word' id='word_1_194' title='bbox 1247 3017 1299 3078; x_wconf 90' lang='lat' dir='ltr'>eo,</span> 
     </span>
     <span class='ocr_line' id='line_1_26' title="bbox 178 3099 1298 3186; baseline 0.002 -24"><span class='ocrx_word' id='word_1_195' title='bbox 178 3099 232 3184; x_wconf 90' lang='lat' dir='ltr'>qui</span> <span class='ocrx_word' id='word_1_196' title='bbox 255 3101 397 3164; x_wconf 89' lang='lat' dir='ltr'>codicem</span> <span class='ocrx_word' id='word_1_197' title='bbox 421 3103 557 3186; x_wconf 88' lang='lat' dir='ltr'>scripsit,</span> <span class='ocrx_word' id='word_1_198' title='bbox 576 3101 629 3162; x_wconf 87' lang='lat' dir='ltr'>vel</span> <span class='ocrx_word' id='word_1_199' title='bbox 648 3101 798 3180; x_wconf 86' lang='lat' dir='ltr'>correxit,</span> <span class='ocrx_word' id='word_1_200' title='bbox 818 3102 870 3163; x_wconf 90' lang='lat' dir='ltr'>vel</span> <span class='ocrx_word' id='word_1_201' title='bbox 890 3100 1063 3164; x_wconf 88' lang='lat' dir='ltr'>emendare</span> <span class='ocrx_word' id='word_1_202' title='bbox 1083 3108 1215 3164; x_wconf 89' lang='lat' dir='ltr'>conatus</span> <span class='ocrx_word' id='word_1_203' title='bbox 1237 3109 1298 3184; x_wconf 88' lang='lat' dir='ltr'>est,</span> 
     </span>
     <span class='ocr_line' id='line_1_27' title="bbox 176 3205 462 3290; baseline 0.014 -23"><span class='ocrx_word' id='word_1_204' title='bbox 176 3205 388 3290; x_wconf 90' lang='lat' dir='ltr'>depravatum</span> <span class='ocrx_word' id='word_1_205' title='bbox 412 3209 462 3270; x_wconf 88' lang='lat' dir='ltr'>sit.</span> 
     </span>
    </p>

    <p class='ocr_par' dir='ltr' id='par_1_5' title="bbox 173 3309 1298 4554">
     <span class='ocr_line' id='line_1_28' title="bbox 218 3309 1298 3393; baseline -0.001 -20"><span class='ocrx_word' id='word_1_206' title='bbox 218 3309 324 3374; x_wconf 85' lang='lat' dir='ltr'>Aliter</span> <span class='ocrx_word' id='word_1_207' title='bbox 346 3333 423 3376; x_wconf 86' lang='lat' dir='ltr'>vero</span> <span class='ocrx_word' id='word_1_208' title='bbox 447 3333 550 3376; x_wconf 86' lang='lat' dir='ltr'>resse</span> <span class='ocrx_word' id='word_1_209' title='bbox 574 3311 683 3391; x_wconf 90' lang='lat' dir='ltr'>habet,</span> <span class='ocrx_word' id='word_1_210' title='bbox 707 3310 762 3373; x_wconf 92' lang='lat' dir='ltr'>ubi</span> <span class='ocrx_word' id='word_1_211' title='bbox 787 3311 893 3393; x_wconf 89' lang='lat' dir='ltr'>agitur</span> <span class='ocrx_word' id='word_1_212' title='bbox 917 3311 956 3373; x_wconf 91' lang='lat' dir='ltr'>de</span> <span class='ocrx_word' id='word_1_213' title='bbox 981 3312 1056 3374; x_wconf 90' lang='lat' dir='ltr'>totis</span> <span class='ocrx_word' id='word_1_214' title='bbox 1079 3311 1225 3376; x_wconf 83' lang='lat' dir='ltr'>versibus</span> <span class='ocrx_word' id='word_1_215' title='bbox 1240 3318 1298 3373; x_wconf 89' lang='lat' dir='ltr'>aut</span> 
     </span>
     <span class='ocr_line' id='line_1_29' title="bbox 175 3415 1296 3499; baseline 0 -21"><span class='ocrx_word' id='word_1_216' title='bbox 175 3418 352 3498; x_wconf 87' lang='lat' dir='ltr'>sententiis,</span> <span class='ocrx_word' id='word_1_217' title='bbox 386 3418 529 3498; x_wconf 90' lang='lat' dir='ltr'>quinon</span> <span class='ocrx_word' id='word_1_218' title='bbox 553 3415 727 3479; x_wconf 89' lang='lat' dir='ltr'>mendosae</span> <span class='ocrx_word' id='word_1_219' title='bbox 752 3422 807 3477; x_wconf 84' lang='lat' dir='ltr'>aut</span> <span class='ocrx_word' id='word_1_220' title='bbox 836 3416 950 3478; x_wconf 87' lang='lat' dir='ltr'>leviter</span> <span class='ocrx_word' id='word_1_221' title='bbox 973 3424 1099 3479; x_wconf 89' lang='lat' dir='ltr'>tantum</span> <span class='ocrx_word' id='word_1_222' title='bbox 1124 3424 1296 3499; x_wconf 88' lang='lat' dir='ltr'>corruptae</span> 
     </span>
     <span class='ocr_line' id='line_1_30' title="bbox 173 3520 1295 3606; baseline 0.002 -24"><span class='ocrx_word' id='word_1_223' title='bbox 173 3520 324 3603; x_wconf 87' lang='lat' dir='ltr'>leguntur</span> <span class='ocrx_word' id='word_1_224' title='bbox 348 3522 381 3584; x_wconf 93' lang='lat' dir='ltr'>in</span> <span class='ocrx_word' id='word_1_225' title='bbox 405 3522 578 3603; x_wconf 89' lang='lat' dir='ltr'>codicibus,</span> <span class='ocrx_word' id='word_1_226' title='bbox 603 3528 636 3584; x_wconf 91' lang='lat' dir='ltr'>et</span> <span class='ocrx_word' id='word_1_227' title='bbox 660 3541 787 3583; x_wconf 89' lang='lat' dir='ltr'>cursum</span> <span class='ocrx_word' id='word_1_228' title='bbox 801 3528 909 3583; x_wconf 90' lang='lat' dir='ltr'>tamen</span> <span class='ocrx_word' id='word_1_229' title='bbox 930 3521 1086 3583; x_wconf 88' lang='lat' dir='ltr'>sermonis</span> <span class='ocrx_word' id='word_1_230' title='bbox 1101 3521 1295 3606; x_wconf 89' lang='lat' dir='ltr'>impediunt.</span> 
     </span>
     <span class='ocr_line' id='line_1_31' title="bbox 175 3623 1296 3711; baseline 0.003 -25"><span class='ocrx_word' id='word_1_231' title='bbox 175 3623 260 3687; x_wconf 89' lang='lat' dir='ltr'>Nam</span> <span class='ocrx_word' id='word_1_232' title='bbox 279 3626 305 3687; x_wconf 96' lang='lat' dir='ltr'>si</span> <span class='ocrx_word' id='word_1_233' title='bbox 325 3627 426 3689; x_wconf 90' lang='lat' dir='ltr'>oratio</span> <span class='ocrx_word' id='word_1_234' title='bbox 447 3627 594 3689; x_wconf 90' lang='lat' dir='ltr'>turbatur</span> <span class='ocrx_word' id='word_1_235' title='bbox 612 3624 768 3705; x_wconf 86' lang='lat' dir='ltr'>versibus,</span> <span class='ocrx_word' id='word_1_236' title='bbox 790 3625 842 3708; x_wconf 90' lang='lat' dir='ltr'>qni</span> <span class='ocrx_word' id='word_1_237' title='bbox 862 3646 920 3710; x_wconf 88' lang='lat' dir='ltr'>per</span> <span class='ocrx_word' id='word_1_238' title='bbox 940 3648 973 3689; x_wconf 92' lang='lat' dir='ltr'>se</span> <span class='ocrx_word' id='word_1_239' title='bbox 991 3627 1127 3711; x_wconf 90' lang='lat' dir='ltr'>spectati</span> <span class='ocrx_word' id='word_1_240' title='bbox 1141 3647 1205 3689; x_wconf 95' lang='lat' dir='ltr'>non</span> <span class='ocrx_word' id='word_1_241' title='bbox 1218 3634 1296 3689; x_wconf 88' lang='lat' dir='ltr'>sunt</span> 
     </span>
     <span class='ocr_line' id='line_1_32' title="bbox 175 3731 1295 3815; baseline 0.001 -22"><span class='ocrx_word' id='word_1_242' title='bbox 175 3731 331 3813; x_wconf 89' lang='lat' dir='ltr'>mendosi,</span> <span class='ocrx_word' id='word_1_243' title='bbox 370 3755 434 3796; x_wconf 92' lang='lat' dir='ltr'>non</span> <span class='ocrx_word' id='word_1_244' title='bbox 470 3733 585 3797; x_wconf 81' lang='lat' dir='ltr'>Ouidio</span> <span class='ocrx_word' id='word_1_245' title='bbox 621 3732 756 3815; x_wconf 90' lang='lat' dir='ltr'>indigni,</span> <span class='ocrx_word' id='word_1_246' title='bbox 781 3731 864 3794; x_wconf 86' lang='lat' dir='ltr'>dnae</span> <span class='ocrx_word' id='word_1_247' title='bbox 889 3731 984 3794; x_wconf 90' lang='lat' dir='ltr'>huius</span> <span class='ocrx_word' id='word_1_248' title='bbox 1007 3732 1055 3794; x_wconf 89' lang='lat' dir='ltr'>rei</span> <span class='ocrx_word' id='word_1_249' title='bbox 1080 3731 1295 3815; x_wconf 82' lang='lat' dir='ltr'>explicandae</span> 
     </span>
     <span class='ocr_line' id='line_1_33' title="bbox 174 3836 1294 3920; baseline 0 -23"><span class='ocrx_word' id='word_1_250' title='bbox 174 3836 314 3900; x_wconf 86' lang='lat' dir='ltr'>rationes</span> <span class='ocrx_word' id='word_1_251' title='bbox 350 3839 475 3920; x_wconf 78' lang='lat' dir='ltr'>adsunt3</span> <span class='ocrx_word' id='word_1_252' title='bbox 512 3844 567 3902; x_wconf 92' lang='lat' dir='ltr'>ant</span> <span class='ocrx_word' id='word_1_253' title='bbox 597 3838 637 3901; x_wconf 88' lang='lat' dir='ltr'>ab</span> <span class='ocrx_word' id='word_1_254' title='bbox 661 3838 920 3920; x_wconf 86' lang='lat' dir='ltr'>interpretatore,</span> <span class='ocrx_word' id='word_1_255' title='bbox 945 3838 997 3899; x_wconf 86' lang='lat' dir='ltr'>vel</span> <span class='ocrx_word' id='word_1_256' title='bbox 1020 3838 1151 3917; x_wconf 91' lang='lat' dir='ltr'>lectore,</span> <span class='ocrx_word' id='word_1_257' title='bbox 1175 3837 1228 3898; x_wconf 86' lang='lat' dir='ltr'>vcl</span> <span class='ocrx_word' id='word_1_258' title='bbox 1255 3836 1294 3898; x_wconf 96' lang='lat' dir='ltr'>li-</span> 
     </span>
     <span class='ocr_line' id='line_1_34' title="bbox 174 3940 1293 4028; baseline 0.004 -27"><span class='ocrx_word' id='word_1_259' title='bbox 174 3940 280 4004; x_wconf 90' lang='lat' dir='ltr'>brario</span> <span class='ocrx_word' id='word_1_260' title='bbox 305 3942 397 4006; x_wconf 91' lang='lat' dir='ltr'>docto</span> <span class='ocrx_word' id='word_1_261' title='bbox 422 3944 606 4028; x_wconf 90' lang='lat' dir='ltr'>interpolati</span> <span class='ocrx_word' id='word_1_262' title='bbox 631 3949 714 4021; x_wconf 91' lang='lat' dir='ltr'>sunt,</span> <span class='ocrx_word' id='word_1_263' title='bbox 739 3949 795 4003; x_wconf 88' lang='lat' dir='ltr'>aut</span> <span class='ocrx_word' id='word_1_264' title='bbox 819 3941 858 4003; x_wconf 91' lang='lat' dir='ltr'>ab</span> <span class='ocrx_word' id='word_1_265' title='bbox 884 3948 1014 4003; x_wconf 91' lang='lat' dir='ltr'>auctore</span> <span class='ocrx_word' id='word_1_266' title='bbox 1037 3941 1116 4027; x_wconf 92' lang='lat' dir='ltr'>ipso.</span> <span class='ocrx_word' id='word_1_267' title='bbox 1133 3941 1293 4024; x_wconf 89' lang='lat' dir='ltr'>originem</span> 
     </span>
     <span class='ocr_line' id='line_1_35' title="bbox 174 4044 1293 4128; baseline 0.003 -22"><span class='ocrx_word' id='word_1_268' title='bbox 174 4044 295 4108; x_wconf 89' lang='lat' dir='ltr'>habent</span> <span class='ocrx_word' id='word_1_269' title='bbox 319 4054 351 4110; x_wconf 89' lang='lat' dir='ltr'>et</span> <span class='ocrx_word' id='word_1_270' title='bbox 375 4048 407 4111; x_wconf 93' lang='lat' dir='ltr'>in</span> <span class='ocrx_word' id='word_1_271' title='bbox 432 4049 593 4112; x_wconf 91' lang='lat' dir='ltr'>codicibus</span> <span class='ocrx_word' id='word_1_272' title='bbox 617 4069 682 4110; x_wconf 93' lang='lat' dir='ltr'>non</span> <span class='ocrx_word' id='word_1_273' title='bbox 706 4046 804 4108; x_wconf 88' lang='lat' dir='ltr'>deleti</span> <span class='ocrx_word' id='word_1_274' title='bbox 828 4046 884 4108; x_wconf 91' lang='lat' dir='ltr'>sed</span> <span class='ocrx_word' id='word_1_275' title='bbox 909 4047 1027 4108; x_wconf 88' lang='lat' dir='ltr'>servati</span> <span class='ocrx_word' id='word_1_276' title='bbox 1051 4052 1134 4108; x_wconf 90' lang='lat' dir='ltr'>sunt.</span> <span class='ocrx_word' id='word_1_277' title='bbox 1170 4045 1293 4128; x_wconf 86' lang='lat' dir='ltr'>Tertia,</span> 
     </span>
     <span class='ocr_line' id='line_1_36' title="bbox 175 4150 1294 4236; baseline 0.002 -24"><span class='ocrx_word' id='word_1_278' title='bbox 175 4150 200 4212; x_wconf 93' lang='lat' dir='ltr'>si</span> <span class='ocrx_word' id='word_1_279' title='bbox 234 4152 310 4235; x_wconf 92' lang='lat' dir='ltr'>quid</span> <span class='ocrx_word' id='word_1_280' title='bbox 340 4153 445 4236; x_wconf 85' lang='lat' dir='ltr'>video,</span> <span class='ocrx_word' id='word_1_281' title='bbox 478 4175 543 4216; x_wconf 94' lang='lat' dir='ltr'>non</span> <span class='ocrx_word' id='word_1_282' title='bbox 567 4153 670 4215; x_wconf 90' lang='lat' dir='ltr'>datur.</span> <span class='ocrx_word' id='word_1_283' title='bbox 706 4151 849 4213; x_wconf 87' lang='lat' dir='ltr'>Primam</span> <span class='ocrx_word' id='word_1_284' title='bbox 884 4172 986 4234; x_wconf 86' lang='lat' dir='ltr'>nsque</span> <span class='ocrx_word' id='word_1_285' title='bbox 1010 4150 1133 4213; x_wconf 86' lang='lat' dir='ltr'>adhoc</span> <span class='ocrx_word' id='word_1_286' title='bbox 1163 4157 1294 4236; x_wconf 87' lang='lat' dir='ltr'>tempus</span> 
     </span>
     <span class='ocr_line' id='line_1_37' title="bbox 174 4256 1294 4341; baseline 0.002 -23"><span class='ocrx_word' id='word_1_287' title='bbox 174 4257 277 4319; x_wconf 89' lang='lat' dir='ltr'>secuti</span> <span class='ocrx_word' id='word_1_288' title='bbox 308 4266 382 4322; x_wconf 91' lang='lat' dir='ltr'>sunt</span> <span class='ocrx_word' id='word_1_289' title='bbox 405 4259 472 4321; x_wconf 87' lang='lat' dir='ltr'>fere</span> <span class='ocrx_word' id='word_1_290' title='bbox 497 4280 607 4322; x_wconf 90' lang='lat' dir='ltr'>omnes</span> <span class='ocrx_word' id='word_1_291' title='bbox 633 4257 685 4341; x_wconf 92' lang='lat' dir='ltr'>qui</span> <span class='ocrx_word' id='word_1_292' title='bbox 709 4256 742 4317; x_wconf 92' lang='lat' dir='ltr'>in</span> <span class='ocrx_word' id='word_1_293' title='bbox 765 4256 927 4318; x_wconf 88' lang='lat' dir='ltr'>veteribus</span> <span class='ocrx_word' id='word_1_294' title='bbox 952 4256 1134 4319; x_wconf 88' lang='lat' dir='ltr'>auctoribus</span> <span class='ocrx_word' id='word_1_295' title='bbox 1146 4278 1247 4340; x_wconf 82' lang='lat' dir='ltr'>prava</span> <span class='ocrx_word' id='word_1_296' title='bbox 1262 4265 1294 4320; x_wconf 91' lang='lat' dir='ltr'>et</span> 
     </span>
     <span class='ocr_line' id='line_1_38' title="bbox 174 4360 1293 4446; baseline 0.002 -23"><span class='ocrx_word' id='word_1_297' title='bbox 174 4362 329 4426; x_wconf 86' lang='lat' dir='ltr'>mendosa</span> <span class='ocrx_word' id='word_1_298' title='bbox 366 4365 450 4428; x_wconf 87' lang='lat' dir='ltr'>forre</span> <span class='ocrx_word' id='word_1_299' title='bbox 487 4363 658 4427; x_wconf 90' lang='lat' dir='ltr'>noluerint.</span> <span class='ocrx_word' id='word_1_300' title='bbox 694 4360 808 4423; x_wconf 84' lang='lat' dir='ltr'>Altera</span> <span class='ocrx_word' id='word_1_301' title='bbox 843 4361 939 4444; x_wconf 89' lang='lat' dir='ltr'>digna</span> <span class='ocrx_word' id='word_1_302' title='bbox 965 4381 1034 4423; x_wconf 85' lang='lat' dir='ltr'>esse</span> <span class='ocrx_word' id='word_1_303' title='bbox 1059 4361 1187 4424; x_wconf 87' lang='lat' dir='ltr'>videtur</span> <span class='ocrx_word' id='word_1_304' title='bbox 1209 4384 1293 4446; x_wconf 91' lang='lat' dir='ltr'>quae</span> 
     </span>
     <span class='ocr_line' id='line_1_39' title="bbox 174 4466 1002 4554; baseline -0.005 -24"><span class='ocrx_word' id='word_1_305' title='bbox 174 4467 307 4552; x_wconf 89' lang='lat' dir='ltr'>paululo</span> <span class='ocrx_word' id='word_1_306' title='bbox 332 4469 518 4554; x_wconf 90' lang='lat' dir='ltr'>diligentius</span> <span class='ocrx_word' id='word_1_307' title='bbox 542 4473 711 4554; x_wconf 89' lang='lat' dir='ltr'>reputetur</span> <span class='ocrx_word' id='word_1_308' title='bbox 735 4473 767 4528; x_wconf 92' lang='lat' dir='ltr'>et</span> <span class='ocrx_word' id='word_1_309' title='bbox 789 4466 1002 4552; x_wconf 89' lang='lat' dir='ltr'>perquiratur.</span> 
     </span>
    </p>
   </div>
   <div class='ocr_carea' id='block_1_3' title="bbox 0 0 1482 4958">
    <p class='ocr_par' dir='ltr' id='par_1_6' title="bbox 0 0 1482 4958">
     <span class='ocr_line' id='line_1_40' title="bbox 0 0 1482 4958; baseline 0 1"><span class='ocrx_word' id='word_1_310' title='bbox 0 0 1482 4958; x_wconf 95' lang='lat' dir='ltr'> </span> 
     </span>
    </p>
   </div>
  </div>
 </body>
</html>
