3298 5134
844 443 888 504 40

439 627 600 712 „corripis
623 633 659 689 ut
682 625 793 708 debes,
818 627 908 690 stulti
931 632 1063 711 peccata
1087 627 1206 692 sodalis

480 738 513 795 et
536 732 620 794 mala
644 752 695 794 me
719 733 842 795 meritis
865 733 949 795 ferre
974 732 1097 794 minora
1120 732 1248 798 doces'’.

347 908 507 971 Paulus
530 906 691 970 Fabius
711 907 930 989 Maximus,
944 929 1038 992 quem
1051 911 1219 994 permagni
1233 912 1426 976 aestimabat

304 1013 438 1077 Ovidius
475 1032 633 1097 quemque
670 1013 828 1076 auxilium
863 1014 1014 1099 sperabat
1036 1014 1177 1077 laturum
1202 1015 1425 1096 1111111111-

304 1117 430 1203 quando
454 1115 585 1179 tandem
608 1115 713 1179 redire
737 1117 795 1180 sibi
820 1118 942 1198 liceret,
967 1117 1069 1180 111.Ρ.
1088 1116 1155 1198 1,2,
1173 1121 1234 1182 129
1259 1141 1326 1203 sqq.

407 1272 409 1276 .
439 1221 519 1301 „Ille
543 1241 603 1304 ogo
627 1242 707 1302 sum,
732 1221 786 1306 qui
809 1222 959 1302 11111111,
985 1242 1079 1306 quom
1103 1221 1186 1285 festa
1210 1222 1335 1287 solebat

481 1326 566 1389 inter
589 1325 738 1389 convivas
761 1339 873 1390 mensa
897 1327 1007 1390 videre
1032 1332 1121 1389 tuos:

436 1431 490 1494 ille
514 1451 586 1515 ego,
611 1431 663 1515 qui
687 1431 766 1494 duxi
789 1437 912 1495 vestros
935 1431 1150 1516 Hymenaeon
1174 1430 1215 1493 ad
1238 1430 1332 1515 ignes

481 1542 514 1598 11
537 1535 636 1598 cecini
660 1535 764 1600 fausto
788 1536 928 1600 carmina
952 1535 1050 1619 digna
1073 1540 1168 1603 tarot

437 1640 525 1703 cuius
548 1644 580 1702 te
604 1640 734 1703 solitum
758 1641 888 1704 memini
906 1640 1040 1705 laudare
1063 1640 1190 1704 libellos

481 1745 609 1829 exeptis
633 1744 774 1826 1111111111,
799 1746 851 1829 qui
875 1765 1015 1808 nocuere
1039 1765 1115 1827 su03

438 1849 488 1912 cui
515 1855 571 1912 1111
593 1870 833 1932 nonnumquam
856 1848 984 1911 miranti
1008 1849 1125 1933 scripta
1147 1849 1298 1933 legebas;

482 1954 537 2018 illo
560 1975 632 2039 ego,
656 1953 696 2016 de
719 1959 826 2016 vestra
850 1953 899 2015 eui
923 1952 998 2016 data
1021 1960 1123 2038 nupta
1146 1954 1240 2018 domo
1266 1955 1344 2018 est.''

351 2121 509 2186 Sextus
544 2118 786 2203 Pompeius,
811 2117 852 2181 ad
881 2139 976 2202 quem
1000 2140 1043 2182 ex
1065 2117 1103 2182 P.
1128 2117 1187 2200 IV,
1206 2121 1233 2201 13
1258 2123 1288 2201 43
1313 2121 1343 2201 53
1371 2121 1423 2200 15,

306 2233 436 2313 poetam
471 2224 589 2288 Tomos
625 2224 686 2286 iter
709 2224 880 2287 facientem
905 2230 937 2286 et
960 2223 1081 2286 auxilio
1107 2231 1139 2286 et
1163 2223 1276 2308 opibus
1300 2231 1425 2287 susten·

310 2339 395 2396 tasse
417 2330 554 2395 videtur.

312 2459 354 2501 ox
376 2436 414 2500 P.
438 2434 497 2516 IV,
522 2437 553 2515 5,
578 2435 616 2496 31
643 2454 710 2518 sqq.

446 2539 556 2620 „Vivit
579 2537 683 2602 adhuc
706 2537 867 2621 vitamque
891 2536 950 2600 tibi
973 2535 1092 2599 debere
1105 2536 1235 2619 fatetur,

489 2665 583 2730 quam
605 2643 694 2728 prius
717 2665 736 2706 a
759 2641 828 2704 miti
852 2640 989 2705 Caesare
1013 2661 1126 2704 manus
1149 2641 1259 2705 habet.

443 2749 490 2813 Te
513 2748 584 2831 sibi,
608 2770 679 2811 cum
702 2747 840 2832 fugeret,
863 2745 996 2808 memori
1020 2745 1102 2808 solet
1124 2766 1180 2809 ore
1198 2746 1320 2810 referre

486 2854 655 2918 barbariae
679 2859 764 2916 tutas
788 2851 973 2916 exhibuisse
998 2851 1081 2914 vias:

443 2960 600 3043 sanguine
622 2957 826 3030 Bistonidum
851 2955 934 3041 quod
958 2975 1024 3019 non
1046 2954 1236 3040 tepefecerit
1259 2977 1381 3039 ensem,

490 3062 641 3126 effectum
665 3082 740 3124 cura
764 3060 902 3145 pectoris
927 3080 997 3122 esse
1021 3060 1087 3124 tui:

430 3166 554 3230 addita
577 3173 746 3252 praeterea
769 3165 854 3228 vitae
878 3185 1004 3250 quoque
1023 3165 1124 3228 multa
1148 3165 1288 3249 tuendae

487 3291 695 3352 munerans
719 3269 864 3355 proprias
887 3275 1070 3333 attenuaret
1094 3268 1202 3355 opes.”

310 3376 363 3458 (cf.
388 3375 486 3440 etiam
507 3373 566 3458 IV,
593 3376 621 3456 1,
649 3377 690 3438 23
706 3373 765 3458 sq.)

353 3539 635 3604 Germanicus
673 3538 842 3618 Caesar,
878 3537 928 3601 cui
954 3537 1068 3602 Festos
1092 3538 1254 3602 dedicavit
1278 3535 1424 3620 Ovidius,

307 3646 464 3710 benevolo
488 3644 691 3730 propitioque
716 3664 793 3728 erga
818 3664 891 3705 eum
915 3643 1020 3706 animo
1047 3643 1144 3707 fuisse
1168 3644 1305 3707 videtur.
1326 3643 1366 3708 cf.
1380 3643 1425 3724 Π,

310 3753 339 3833 1,
364 3751 405 3814 25
430 3756 463 3813 et
485 3746 543 3831 11,
569 3752 599 3830 s,
624 3751 677 3812 11.

352 3956 504 4021 Ovidium
538 3955 636 4019 tuisse
671 3961 800 4040 poetam
830 3955 1045 4039 ingeniosum,
1069 3955 1123 4041 qui
1146 3961 1250 4019 totum
1273 3975 1307 4018 se
1333 3956 1424 4040 poesi

307 4060 486 4141 tradiderit,
519 4060 748 4145 ingeniumque
783 4081 875 4122 suum
903 4060 1013 4145 primis
1043 4061 1119 4124 inde
1144 4061 1184 4124 ab
1208 4060 1300 4124 annis
1322 4059 1425 4123 Musis

307 4171 434 4250 gratum
469 4171 697 4250 acceptumque
734 4165 882 4246 lectione,
918 4164 1082 4230 auditione
1118 4164 1331 4249 familiarique
1351 4186 1425 4229 con·

306 4269 477 4334 suetudine
512 4271 684 4334 multorum
713 4270 968 4356 optimorumque
993 4276 1151 4355 exparte
1176 4276 1345 4356 poetarum
1368 4289 1425 4334 ex·

305 4376 449 4457 coluerit,
480 4375 529 4438 cui
553 4375 652 4460 igitur
675 4374 848 4438 admodum
872 4375 965 4438 facile
989 4375 1086 4438 fuerit
1110 4396 1193 4460 quae
1218 4374 1425 4458 cogitavisset

304 4501 455 4564 versuum
478 4481 620 4564 numeris
644 4479 793 4561 condere,
818 4479 871 4567 qui
895 4486 1065 4565 praeterea
1077 4480 1270 4553 carminibus
1287 4478 1352 4548 suis
1365 4500 1422 4552 111-
