<?xml version="1.0" encoding="UTF-8"?>
<!DOCTYPE html PUBLIC "-//W3C//DTD XHTML 1.0 Transitional//EN"
    "http://www.w3.org/TR/xhtml1/DTD/xhtml1-transitional.dtd">
<html xmlns="http://www.w3.org/1999/xhtml" xml:lang="en" lang="en">
 <head>
  <title>
</title>
<meta http-equiv="Content-Type" content="text/html;charset=utf-8" />
  <meta name='ocr-system' content='tesseract 3.04.00' />
  <meta name='ocr-capabilities' content='ocr_page ocr_carea ocr_par ocr_line ocrx_word'/>
</head>
<body>
  <div class='ocr_page' id='page_1' title='image "./deovidiimetamor00kramgoog_0062.png"; bbox 0 0 3224 5130; ppageno 0'>
   <div class='ocr_carea' id='block_1_1' title="bbox 687 531 830 622">
    <p class='ocr_par' dir='ltr' id='par_1_1' title="bbox 687 531 830 622">
     <span class='ocr_line' id='line_1_1' title="bbox 687 531 830 622; baseline 0 -30"><span class='ocrx_word' id='word_1_1' title='bbox 687 531 830 622; x_wconf 34' lang='lat' dir='ltr'>rc·</span> 
     </span>
    </p>
   </div>
   <div class='ocr_carea' id='block_1_2' title="bbox 188 712 1268 1325">
    <p class='ocr_par' dir='ltr' id='par_1_2' title="bbox 188 712 1268 1216">
     <span class='ocr_line' id='line_1_2' title="bbox 191 712 1263 803; baseline 0 -23"><span class='ocrx_word' id='word_1_2' title='bbox 191 715 329 803; x_wconf 91' lang='lat' dir='ltr'>quadam</span> <span class='ocrx_word' id='word_1_3' title='bbox 367 715 468 795; x_wconf 80' lang='lat' dir='ltr'>„hanc</span> <span class='ocrx_word' id='word_1_4' title='bbox 498 714 691 776; x_wconf 74' lang='lat' dir='ltr'>sententiam</span> <span class='ocrx_word' id='word_1_5' title='bbox 717 713 818 777; x_wconf 80' lang='lat' dir='ltr'><strong>dixit:</strong></span> <span class='ocrx_word' id='word_1_6' title='bbox 843 712 922 798; x_wconf 47' lang='lat' dir='ltr'>‘ipse</span> <span class='ocrx_word' id='word_1_7' title='bbox 945 715 995 777; x_wconf 90' lang='lat' dir='ltr'>sui</span> <span class='ocrx_word' id='word_1_8' title='bbox 1019 719 1052 776; x_wconf 91' lang='lat' dir='ltr'>et</span> <span class='ocrx_word' id='word_1_9' title='bbox 1075 715 1263 781; x_wconf 81' lang='lat' dir='ltr'>alimentum</span> 
     </span>
     <span class='ocr_line' id='line_1_3' title="bbox 190 819 1268 905; baseline 0 -19"><span class='ocrx_word' id='word_1_10' title='bbox 190 828 260 886; x_wconf 90' lang='lat' dir='ltr'>erat</span> <span class='ocrx_word' id='word_1_11' title='bbox 295 827 327 884; x_wconf 88' lang='lat' dir='ltr'>et</span> <span class='ocrx_word' id='word_1_12' title='bbox 358 819 535 884; x_wconf 86' lang='lat' dir='ltr'>damnum’.</span> <span class='ocrx_word' id='word_1_13' title='bbox 559 819 657 883; x_wconf 91' lang='lat' dir='ltr'>Hunc</span> <span class='ocrx_word' id='word_1_14' title='bbox 682 819 817 900; x_wconf 77' lang='lat' dir='ltr'>Cestius,</span> <span class='ocrx_word' id='word_1_15' title='bbox 843 819 933 902; x_wconf 89' lang='lat' dir='ltr'>quasi</span> <span class='ocrx_word' id='word_1_16' title='bbox 956 827 1105 905; x_wconf 81' lang='lat' dir='ltr'>corrupte</span> <span class='ocrx_word' id='word_1_17' title='bbox 1130 820 1268 886; x_wconf 80' lang='lat' dir='ltr'>dixisset</span> 
     </span>
     <span class='ocr_line' id='line_1_4' title="bbox 190 924 1264 1012; baseline -0.001 -20"><span class='ocrx_word' id='word_1_18' title='bbox 190 929 382 1011; x_wconf 86' lang='lat' dir='ltr'>obiurgans:</span> <span class='ocrx_word' id='word_1_19' title='bbox 419 924 574 1010; x_wconf 46' lang='lat' dir='ltr'>‘apparet&#39;</span> <span class='ocrx_word' id='word_1_20' title='bbox 609 925 713 1006; x_wconf 85' lang='lat' dir='ltr'>inquit</span> <span class='ocrx_word' id='word_1_21' title='bbox 748 932 790 1006; x_wconf 45' lang='lat' dir='ltr'>‘te</span> <span class='ocrx_word' id='word_1_22' title='bbox 824 931 936 1008; x_wconf 88' lang='lat' dir='ltr'>poetas</span> <span class='ocrx_word' id='word_1_23' title='bbox 971 925 1113 990; x_wconf 81' lang='lat' dir='ltr'>studiose</span> <span class='ocrx_word' id='word_1_24' title='bbox 1137 927 1264 1012; x_wconf 77' lang='lat' dir='ltr'>legere3</span> 
     </span>
     <span class='ocr_line' id='line_1_5' title="bbox 188 1029 1264 1112; baseline -0.002 -16"><span class='ocrx_word' id='word_1_25' title='bbox 188 1035 249 1096; x_wconf 78' lang='lat' dir='ltr'>iste</span> <span class='ocrx_word' id='word_1_26' title='bbox 284 1052 397 1094; x_wconf 82' lang='lat' dir='ltr'>sensus</span> <span class='ocrx_word' id='word_1_27' title='bbox 433 1031 493 1090; x_wconf 77' lang='lat' dir='ltr'>eius</span> <span class='ocrx_word' id='word_1_28' title='bbox 526 1041 576 1103; x_wconf 77' lang='lat' dir='ltr'>cst,</span> <span class='ocrx_word' id='word_1_29' title='bbox 605 1031 658 1112; x_wconf 78' lang='lat' dir='ltr'>qui</span> <span class='ocrx_word' id='word_1_30' title='bbox 683 1029 736 1090; x_wconf 84' lang='lat' dir='ltr'>boc</span> <span class='ocrx_word' id='word_1_31' title='bbox 754 1029 905 1090; x_wconf 62' lang='lat' dir='ltr'>,saeculam</span> <span class='ocrx_word' id='word_1_32' title='bbox 926 1032 1084 1092; x_wconf 64' lang='lat' dir='ltr'>arrectariis</span> <span class='ocrx_word' id='word_1_33' title='bbox 1107 1056 1167 1093; x_wconf 83' lang='lat' dir='ltr'>non</span> <span class='ocrx_word' id='word_1_34' title='bbox 1189 1035 1264 1094; x_wconf 83' lang='lat' dir='ltr'>arti-</span> 
     </span>
     <span class='ocr_line' id='line_1_6' title="bbox 190 1133 820 1216; baseline -0.006 -19"><span class='ocrx_word' id='word_1_35' title='bbox 190 1137 243 1197; x_wconf 75' lang='lat' dir='ltr'>bus·</span> <span class='ocrx_word' id='word_1_36' title='bbox 269 1146 389 1196; x_wconf 75' lang='lat' dir='ltr'>irratam</span> <span class='ocrx_word' id='word_1_37' title='bbox 411 1136 464 1195; x_wconf 81' lang='lat' dir='ltr'>aed</span> <span class='ocrx_word' id='word_1_38' title='bbox 485 1135 637 1195; x_wconf 78' lang='lat' dir='ltr'>aerrtcntiir</span> <span class='ocrx_word' id='word_1_39' title='bbox 667 1133 820 1216; x_wconf 77' lang='lat' dir='ltr'>irnpleeit’.</span> 
     </span>
    </p>

    <p class='ocr_par' dir='ltr' id='par_1_3' title="bbox 189 1239 1084 1325">
     <span class='ocr_line' id='line_1_7' title="bbox 189 1239 1084 1325; baseline -0.001 -21"><span class='ocrx_word' id='word_1_40' title='bbox 189 1240 325 1305; x_wconf 85' lang='lat' dir='ltr'>Ovidius</span> <span class='ocrx_word' id='word_1_41' title='bbox 350 1242 435 1304; x_wconf 91' lang='lat' dir='ltr'>enim</span> <span class='ocrx_word' id='word_1_42' title='bbox 461 1239 603 1303; x_wconf 87' lang='lat' dir='ltr'>inlibris</span> <span class='ocrx_word' id='word_1_43' title='bbox 628 1240 931 1325; x_wconf 79' lang='lat' dir='ltr'>metamorphoseon</span> <span class='ocrx_word' id='word_1_44' title='bbox 955 1239 1047 1304; x_wconf 89' lang='lat' dir='ltr'>dicit:</span> <span class='ocrx_word' id='word_1_45' title='bbox 1063 1242 1084 1323; x_wconf 85' lang='lat'>¹)</span> 
     </span>
    </p>
   </div>
   <div class='ocr_carea' id='block_1_3' title="bbox 278 1363 1089 1496">
    <p class='ocr_par' dir='ltr' id='par_1_4' title="bbox 278 1363 1089 1496">
     <span class='ocr_line' id='line_1_8' title="bbox 278 1363 1079 1451; baseline 0.004 -26"><span class='ocrx_word' id='word_1_46' title='bbox 278 1365 356 1451; x_wconf 50' lang='lat' dir='ltr'>‘ipse</span> <span class='ocrx_word' id='word_1_47' title='bbox 381 1386 454 1428; x_wconf 92' lang='lat' dir='ltr'>suos</span> <span class='ocrx_word' id='word_1_48' title='bbox 478 1371 566 1427; x_wconf 89' lang='lat' dir='ltr'>artus</span> <span class='ocrx_word' id='word_1_49' title='bbox 592 1365 698 1428; x_wconf 89' lang='lat' dir='ltr'>lacero</span> <span class='ocrx_word' id='word_1_50' title='bbox 723 1363 877 1427; x_wconf 88' lang='lat' dir='ltr'>divellere</span> <span class='ocrx_word' id='word_1_51' title='bbox 902 1386 1008 1428; x_wconf 90' lang='lat' dir='ltr'>morsu</span> <span class='ocrx_word' id='word_1_52' title='bbox 1076 1372 1079 1376; x_wconf 80' lang='grc'><em>’</em></span> 
     </span>
     <span class='ocr_line' id='line_1_9' title="bbox 1051 1469 1089 1496; baseline 0 0"><span class='ocrx_word' id='word_1_53' title='bbox 1051 1469 1058 1496; x_wconf 76' lang='lat' dir='ltr'>i</span> <span class='ocrx_word' id='word_1_54' title='bbox 1072 1469 1089 1496; x_wconf 75' lang='grc' dir='ltr'><strong><em>Π</em></strong></span> 
     </span>
    </p>
   </div>
   <div class='ocr_carea' id='block_1_4' title="bbox 140 1468 1263 2680">
    <p class='ocr_par' dir='ltr' id='par_1_5' title="bbox 140 1468 1263 2680">
     <span class='ocr_line' id='line_1_10' title="bbox 277 1468 1068 1556; baseline -0.001 -22"><span class='ocrx_word' id='word_1_55' title='bbox 277 1471 383 1556; x_wconf 92' lang='lat' dir='ltr'>coepit</span> <span class='ocrx_word' id='word_1_56' title='bbox 402 1468 440 1534; x_wconf 70' lang='lat' dir='ltr'>&#39;et</span> <span class='ocrx_word' id='word_1_57' title='bbox 462 1469 579 1533; x_wconf 86' lang='lat' dir='ltr'>infelix</span> <span class='ocrx_word' id='word_1_58' title='bbox 603 1469 778 1534; x_wconf 91' lang='lat' dir='ltr'>minuendo</span> <span class='ocrx_word' id='word_1_59' title='bbox 803 1491 917 1554; x_wconf 88' lang='lat' dir='ltr'>corpus</span> <span class='ocrx_word' id='word_1_60' title='bbox 941 1470 1068 1533; x_wconf 89' lang='lat' dir='ltr'>alebat.</span> 
     </span>
     <span class='ocr_line' id='line_1_11' title="bbox 187 1648 1262 1733; baseline 0 -21"><span class='ocrx_word' id='word_1_61' title='bbox 187 1648 293 1733; x_wconf 82' lang='lat' dir='ltr'>Supra</span> <span class='ocrx_word' id='word_1_62' title='bbox 316 1649 380 1711; x_wconf 91' lang='lat' dir='ltr'>iam</span> <span class='ocrx_word' id='word_1_63' title='bbox 403 1648 554 1730; x_wconf 82' lang='lat' dir='ltr'>vidimus,</span> <span class='ocrx_word' id='word_1_64' title='bbox 580 1648 731 1711; x_wconf 90' lang='lat' dir='ltr'>Ovidium</span> <span class='ocrx_word' id='word_1_65' title='bbox 755 1649 814 1712; x_wconf 90' lang='lat' dir='ltr'>sibi</span> <span class='ocrx_word' id='word_1_66' title='bbox 839 1669 1030 1733; x_wconf 89' lang='lat' dir='ltr'>persuasum</span> <span class='ocrx_word' id='word_1_67' title='bbox 1053 1648 1205 1712; x_wconf 88' lang='lat' dir='ltr'>habuisse</span> <span class='ocrx_word' id='word_1_68' title='bbox 1229 1669 1262 1712; x_wconf 89' lang='lat' dir='ltr'>se</span> 
     </span>
     <span class='ocr_line' id='line_1_12' title="bbox 142 1753 1263 1838; baseline 0.002 -24"><span class='ocrx_word' id='word_1_69' title='bbox 142 1754 206 1816; x_wconf 83' lang='lat' dir='ltr'>iarn</span> <span class='ocrx_word' id='word_1_70' title='bbox 231 1754 341 1816; x_wconf 83' lang='lat' dir='ltr'>vivum</span> <span class='ocrx_word' id='word_1_71' title='bbox 365 1754 558 1816; x_wconf 81' lang='lat' dir='ltr'>carminibus</span> <span class='ocrx_word' id='word_1_72' title='bbox 582 1755 718 1816; x_wconf 87' lang='lat' dir='ltr'>sublime</span> <span class='ocrx_word' id='word_1_73' title='bbox 743 1774 862 1816; x_wconf 89' lang='lat' dir='ltr'>nomen</span> <span class='ocrx_word' id='word_1_74' title='bbox 885 1753 1040 1838; x_wconf 86' lang='lat' dir='ltr'>adeptum</span> <span class='ocrx_word' id='word_1_75' title='bbox 1064 1775 1143 1818; x_wconf 87' lang='lat' dir='ltr'>esse.</span> <span class='ocrx_word' id='word_1_76' title='bbox 1170 1753 1263 1826; x_wconf 82' lang='lat' dir='ltr'>Quod</span> 
     </span>
     <span class='ocr_line' id='line_1_13' title="bbox 143 1857 1263 1942; baseline 0.001 -20"><span class='ocrx_word' id='word_1_77' title='bbox 143 1879 202 1922; x_wconf 87' lang='lat' dir='ltr'>nce</span> <span class='ocrx_word' id='word_1_78' title='bbox 227 1859 387 1922; x_wconf 89' lang='lat' dir='ltr'>immerito</span> <span class='ocrx_word' id='word_1_79' title='bbox 413 1879 487 1922; x_wconf 89' lang='lat' dir='ltr'>eum</span> <span class='ocrx_word' id='word_1_80' title='bbox 512 1857 552 1922; x_wconf 90' lang='lat' dir='ltr'>de</span> <span class='ocrx_word' id='word_1_81' title='bbox 578 1879 612 1920; x_wconf 90' lang='lat' dir='ltr'>se</span> <span class='ocrx_word' id='word_1_82' title='bbox 636 1858 838 1942; x_wconf 81' lang='lat' dir='ltr'>praedicasse</span> <span class='ocrx_word' id='word_1_83' title='bbox 863 1878 922 1922; x_wconf 90' lang='lat' dir='ltr'>nec</span> <span class='ocrx_word' id='word_1_84' title='bbox 947 1859 1064 1922; x_wconf 89' lang='lat' dir='ltr'>falsum</span> <span class='ocrx_word' id='word_1_85' title='bbox 1088 1859 1263 1941; x_wconf 90' lang='lat' dir='ltr'>essequod</span> 
     </span>
     <span class='ocr_line' id='line_1_14' title="bbox 142 1965 1262 2051; baseline 0.004 -23"><span class='ocrx_word' id='word_1_86' title='bbox 142 1965 243 2028; x_wconf 81' lang='lat' dir='ltr'>dixit:</span> <span class='ocrx_word' id='word_1_87' title='bbox 280 1967 333 2046; x_wconf 80' lang='lat' dir='ltr'>„in</span> <span class='ocrx_word' id='word_1_88' title='bbox 368 1973 434 2030; x_wconf 92' lang='lat' dir='ltr'>toto</span> <span class='ocrx_word' id='word_1_89' title='bbox 469 1966 626 2051; x_wconf 92' lang='lat' dir='ltr'>plurimus</span> <span class='ocrx_word' id='word_1_90' title='bbox 662 1967 739 2029; x_wconf 92' lang='lat' dir='ltr'>orbe</span> <span class='ocrx_word' id='word_1_91' title='bbox 773 1965 894 2050; x_wconf 81' lang='lat' dir='ltr'>leg01·”‚</span> <span class='ocrx_word' id='word_1_92' title='bbox 931 1965 992 2029; x_wconf 93' lang='lat' dir='ltr'>hoc</span> <span class='ocrx_word' id='word_1_93' title='bbox 1027 1967 1210 2031; x_wconf 91' lang='lat' dir='ltr'>testimonio</span> <span class='ocrx_word' id='word_1_94' title='bbox 1244 1990 1262 2032; x_wconf 88' lang='lat' dir='ltr'>a</span> 
     </span>
     <span class='ocr_line' id='line_1_15' title="bbox 143 2069 782 2157; baseline 0 -23"><span class='ocrx_word' id='word_1_95' title='bbox 143 2069 267 2134; x_wconf 82' lang='lat' dir='ltr'>Seneca</span> <span class='ocrx_word' id='word_1_96' title='bbox 291 2072 387 2134; x_wconf 89' lang='lat' dir='ltr'>allato</span> <span class='ocrx_word' id='word_1_97' title='bbox 413 2073 544 2157; x_wconf 82' lang='lat' dir='ltr'>egregie</span> <span class='ocrx_word' id='word_1_98' title='bbox 568 2072 782 2134; x_wconf 89' lang='lat' dir='ltr'>confirmatur.</span> 
     </span>
     <span class='ocr_line' id='line_1_16' title="bbox 184 2175 1261 2261; baseline 0.004 -23"><span class='ocrx_word' id='word_1_99' title='bbox 184 2176 262 2238; x_wconf 90' lang='lat' dir='ltr'>Non</span> <span class='ocrx_word' id='word_1_100' title='bbox 286 2182 411 2239; x_wconf 90' lang='lat' dir='ltr'>tantum</span> <span class='ocrx_word' id='word_1_101' title='bbox 436 2178 520 2239; x_wconf 89' lang='lat' dir='ltr'>enim</span> <span class='ocrx_word' id='word_1_102' title='bbox 544 2175 630 2261; x_wconf 94' lang='lat' dir='ltr'>quod</span> <span class='ocrx_word' id='word_1_103' title='bbox 655 2176 794 2239; x_wconf 90' lang='lat' dir='ltr'>earmina</span> <span class='ocrx_word' id='word_1_104' title='bbox 814 2177 893 2256; x_wconf 88' lang='lat' dir='ltr'>eius,</span> <span class='ocrx_word' id='word_1_105' title='bbox 913 2176 1076 2261; x_wconf 91' lang='lat' dir='ltr'>inprimis</span> <span class='ocrx_word' id='word_1_106' title='bbox 1096 2179 1261 2260; x_wconf 87' lang='lat' dir='ltr'>amatoria,</span> 
     </span>
     <span class='ocr_line' id='line_1_17' title="bbox 141 2280 1262 2365; baseline 0.004 -23"><span class='ocrx_word' id='word_1_107' title='bbox 141 2302 159 2342; x_wconf 90' lang='lat' dir='ltr'>a</span> <span class='ocrx_word' id='word_1_108' title='bbox 200 2281 300 2365; x_wconf 84' lang='lat' dir='ltr'>vulgo</span> <span class='ocrx_word' id='word_1_109' title='bbox 336 2280 541 2345; x_wconf 88' lang='lat' dir='ltr'>discebantur</span> <span class='ocrx_word' id='word_1_110' title='bbox 576 2289 609 2344; x_wconf 90' lang='lat' dir='ltr'>et</span> <span class='ocrx_word' id='word_1_111' title='bbox 643 2282 677 2343; x_wconf 92' lang='lat' dir='ltr'>in</span> <span class='ocrx_word' id='word_1_112' title='bbox 715 2281 841 2344; x_wconf 88' lang='lat' dir='ltr'>theatro</span> <span class='ocrx_word' id='word_1_113' title='bbox 877 2281 1022 2344; x_wconf 85' lang='lat' dir='ltr'>saltando</span> <span class='ocrx_word' id='word_1_114' title='bbox 1064 2283 1262 2346; x_wconf 85' lang='lat' dir='ltr'>canebantur</span> 
     </span>
     <span class='ocr_line' id='line_1_18' title="bbox 140 2385 1262 2471; baseline 0.002 -23"><span class='ocrx_word' id='word_1_115' title='bbox 140 2391 238 2471; x_wconf 90' lang='lat' dir='ltr'>atque</span> <span class='ocrx_word' id='word_1_116' title='bbox 271 2387 452 2470; x_wconf 77' lang='lat' dir='ltr'>placebant,</span> <span class='ocrx_word' id='word_1_117' title='bbox 478 2387 574 2450; x_wconf 86' lang='lat' dir='ltr'>etiam</span> <span class='ocrx_word' id='word_1_118' title='bbox 599 2387 658 2461; x_wconf 82' lang='lat' dir='ltr'>viri</span> <span class='ocrx_word' id='word_1_119' title='bbox 682 2385 799 2448; x_wconf 91' lang='lat' dir='ltr'>eruditi</span> <span class='ocrx_word' id='word_1_120' title='bbox 824 2393 856 2449; x_wconf 91' lang='lat' dir='ltr'>et</span> <span class='ocrx_word' id='word_1_121' title='bbox 880 2386 1060 2450; x_wconf 89' lang='lat' dir='ltr'>scholastici</span> <span class='ocrx_word' id='word_1_122' title='bbox 1084 2407 1195 2451; x_wconf 90' lang='lat' dir='ltr'>versus</span> <span class='ocrx_word' id='word_1_123' title='bbox 1219 2408 1262 2450; x_wconf 86' lang='lat' dir='ltr'>ex</span> 
     </span>
     <span class='ocr_line' id='line_1_19' title="bbox 140 2491 1261 2577; baseline 0.003 -25"><span class='ocrx_word' id='word_1_124' title='bbox 140 2491 207 2553; x_wconf 91' lang='lat' dir='ltr'>eius</span> <span class='ocrx_word' id='word_1_125' title='bbox 256 2491 450 2553; x_wconf 90' lang='lat' dir='ltr'>carminibus</span> <span class='ocrx_word' id='word_1_126' title='bbox 495 2496 561 2554; x_wconf 88' lang='lat' dir='ltr'>tam</span> <span class='ocrx_word' id='word_1_127' title='bbox 595 2491 758 2554; x_wconf 88' lang='lat' dir='ltr'>amatoriis</span> <span class='ocrx_word' id='word_1_128' title='bbox 794 2497 889 2576; x_wconf 90' lang='lat' dir='ltr'>qu&#39;am</span> <span class='ocrx_word' id='word_1_129' title='bbox 933 2491 1003 2555; x_wconf 90' lang='lat' dir='ltr'>aliis</span> <span class='ocrx_word' id='word_1_130' title='bbox 1049 2498 1193 2577; x_wconf 89' lang='lat' dir='ltr'>sumptos</span> <span class='ocrx_word' id='word_1_131' title='bbox 1228 2493 1261 2555; x_wconf 92' lang='lat' dir='ltr'>in</span> 
     </span>
     <span class='ocr_line' id='line_1_20' title="bbox 142 2594 530 2680; baseline 0.003 -23"><span class='ocrx_word' id='word_1_132' title='bbox 142 2601 295 2680; x_wconf 90' lang='lat' dir='ltr'>promptu</span> <span class='ocrx_word' id='word_1_133' title='bbox 319 2594 483 2659; x_wconf 89' lang='lat' dir='ltr'>habebant</span> <span class='ocrx_word' id='word_1_134' title='bbox 496 2596 530 2678; x_wconf 67' lang='grc'>2).</span> 
     </span>
    </p>
   </div>
   <div class='ocr_carea' id='block_1_5' title="bbox 142 2805 1259 2889">
    <p class='ocr_par' dir='ltr' id='par_1_6' title="bbox 142 2805 1259 2889">
     <span class='ocr_line' id='line_1_21' title="bbox 142 2805 1259 2889; baseline -0.004 -18"><span class='ocrx_word' id='word_1_135' title='bbox 142 2807 213 2889; x_wconf 64' lang='grc' dir='ltr'>ξῖ.</span> <span class='ocrx_word' id='word_1_136' title='bbox 261 2805 407 2868; x_wconf 81' lang='lat' dir='ltr'>Aliorum</span> <span class='ocrx_word' id='word_1_137' title='bbox 438 2808 537 2888; x_wconf 75' lang='lat' dir='ltr'>primi</span> <span class='ocrx_word' id='word_1_138' title='bbox 565 2818 638 2888; x_wconf 73' lang='lat' dir='ltr'>post</span> <span class='ocrx_word' id='word_1_139' title='bbox 673 2805 743 2868; x_wconf 74' lang='lat' dir='ltr'>Chr.</span> <span class='ocrx_word' id='word_1_140' title='bbox 776 2829 805 2868; x_wconf 82' lang='lat' dir='ltr'>a.</span> <span class='ocrx_word' id='word_1_141' title='bbox 834 2805 1126 2867; x_wconf 77' lang='lat' dir='ltr'>arrrcula&#39;aurtorum</span> <span class='ocrx_word' id='word_1_142' title='bbox 1147 2808 1259 2868; x_wconf 78' lang='lat' dir='ltr'>iudicia</span> 
     </span>
    </p>
   </div>
   <div class='ocr_carea' id='block_1_6' title="bbox 587 2921 819 2983">
    <p class='ocr_par' dir='ltr' id='par_1_7' title="bbox 587 2921 819 2983">
     <span class='ocr_line' id='line_1_22' title="bbox 587 2921 819 2983; baseline 0.017 -4"><span class='ocrx_word' id='word_1_143' title='bbox 587 2931 614 2980; x_wconf 86' lang='lat' dir='ltr'>ct</span> <span class='ocrx_word' id='word_1_144' title='bbox 639 2921 819 2983; x_wconf 80' lang='lat' dir='ltr'>testimonia.</span> 
     </span>
    </p>
   </div>
   <div class='ocr_carea' id='block_1_7' title="bbox 142 3099 1261 4135">
    <p class='ocr_par' dir='ltr' id='par_1_8' title="bbox 142 3099 1261 3818">
     <span class='ocr_line' id='line_1_23' title="bbox 184 3099 1261 3187; baseline -0.001 -16"><span class='ocrx_word' id='word_1_145' title='bbox 184 3107 261 3171; x_wconf 84' lang='lat' dir='ltr'>Non</span> <span class='ocrx_word' id='word_1_146' title='bbox 284 3107 401 3170; x_wconf 89' lang='lat' dir='ltr'>frustra</span> <span class='ocrx_word' id='word_1_147' title='bbox 425 3128 502 3170; x_wconf 87' lang='lat' dir='ltr'>sane</span> <span class='ocrx_word' id='word_1_148' title='bbox 527 3106 662 3170; x_wconf 82' lang='lat' dir='ltr'>Ovidius</span> <span class='ocrx_word' id='word_1_149' title='bbox 686 3106 823 3170; x_wconf 90' lang='lat' dir='ltr'>confisus</span> <span class='ocrx_word' id='word_1_150' title='bbox 848 3112 906 3187; x_wconf 83' lang='lat' dir='ltr'>est,</span> <span class='ocrx_word' id='word_1_151' title='bbox 919 3099 942 3186; x_wconf 87' lang='lat'>³)</span> <span class='ocrx_word' id='word_1_152' title='bbox 966 3105 1092 3169; x_wconf 84' lang='lat' dir='ltr'>libellos</span> <span class='ocrx_word' id='word_1_153' title='bbox 1109 3106 1261 3171; x_wconf 88' lang='lat' dir='ltr'>diuturna</span> 
     </span>
     <span class='ocr_line' id='line_1_24' title="bbox 142 3212 1261 3298; baseline 0.002 -24"><span class='ocrx_word' id='word_1_154' title='bbox 142 3213 200 3276; x_wconf 93' lang='lat' dir='ltr'>sibi</span> <span class='ocrx_word' id='word_1_155' title='bbox 237 3213 305 3276; x_wconf 88' lang='lat' dir='ltr'>fore</span> <span class='ocrx_word' id='word_1_156' title='bbox 342 3219 561 3295; x_wconf 78' lang='lat' dir='ltr'>monumenta,</span> <span class='ocrx_word' id='word_1_157' title='bbox 597 3213 748 3293; x_wconf 76' lang='lat' dir='ltr'>„daturos</span> <span class='ocrx_word' id='word_1_158' title='bbox 772 3231 890 3274; x_wconf 91' lang='lat' dir='ltr'>nomen</span> <span class='ocrx_word' id='word_1_159' title='bbox 914 3217 947 3273; x_wconf 91' lang='lat' dir='ltr'>et</span> <span class='ocrx_word' id='word_1_160' title='bbox 971 3212 1092 3274; x_wconf 89' lang='lat' dir='ltr'>auctori</span> <span class='ocrx_word' id='word_1_161' title='bbox 1116 3218 1261 3298; x_wconf 88' lang='lat' dir='ltr'>tempora</span> 
     </span>
     <span class='ocr_line' id='line_1_25' title="bbox 142 3316 1261 3402; baseline 0 -22"><span class='ocrx_word' id='word_1_162' title='bbox 142 3317 238 3402; x_wconf 86' lang='lat' dir='ltr'>longa</span> <span class='ocrx_word' id='word_1_163' title='bbox 269 3316 358 3380; x_wconf 86' lang='lat' dir='ltr'>suo.”</span> <span class='ocrx_word' id='word_1_164' title='bbox 392 3316 478 3380; x_wconf 87' lang='lat' dir='ltr'>Nam</span> <span class='ocrx_word' id='word_1_165' title='bbox 512 3338 631 3380; x_wconf 92' lang='lat' dir='ltr'>nomen</span> <span class='ocrx_word' id='word_1_166' title='bbox 666 3318 735 3380; x_wconf 92' lang='lat' dir='ltr'>eius</span> <span class='ocrx_word' id='word_1_167' title='bbox 770 3337 835 3379; x_wconf 90' lang='lat' dir='ltr'>non</span> <span class='ocrx_word' id='word_1_168' title='bbox 865 3336 984 3399; x_wconf 89' lang='lat' dir='ltr'>paucos</span> <span class='ocrx_word' id='word_1_169' title='bbox 1008 3321 1081 3399; x_wconf 87' lang='lat' dir='ltr'>post</span> <span class='ocrx_word' id='word_1_170' title='bbox 1104 3316 1203 3380; x_wconf 87' lang='lat' dir='ltr'>annos</span> <span class='ocrx_word' id='word_1_171' title='bbox 1227 3319 1261 3380; x_wconf 93' lang='lat' dir='ltr'>in</span> 
     </span>
     <span class='ocr_line' id='line_1_26' title="bbox 145 3419 1260 3507; baseline 0.002 -24"><span class='ocrx_word' id='word_1_172' title='bbox 145 3422 338 3486; x_wconf 74' lang='lat' dir='ltr'>oblivionem</span> <span class='ocrx_word' id='word_1_173' title='bbox 361 3421 484 3505; x_wconf 76' lang='lat' dir='ltr'>recidit,</span> <span class='ocrx_word' id='word_1_174' title='bbox 510 3421 566 3485; x_wconf 90' lang='lat' dir='ltr'>sed</span> <span class='ocrx_word' id='word_1_175' title='bbox 590 3423 719 3507; x_wconf 91' lang='lat' dir='ltr'>plurimi</span> <span class='ocrx_word' id='word_1_176' title='bbox 753 3422 923 3505; x_wconf 86' lang='lat' dir='ltr'>scriptores</span> <span class='ocrx_word' id='word_1_177' title='bbox 947 3419 1039 3482; x_wconf 89' lang='lat' dir='ltr'>latini</span> <span class='ocrx_word' id='word_1_178' title='bbox 1063 3427 1119 3482; x_wconf 87' lang='lat' dir='ltr'>aut</span> <span class='ocrx_word' id='word_1_179' title='bbox 1142 3442 1260 3485; x_wconf 90' lang='lat' dir='ltr'>nomen</span> 
     </span>
     <span class='ocr_line' id='line_1_27' title="bbox 145 3525 1261 3590; baseline 0.001 -1"><span class='ocrx_word' id='word_1_180' title='bbox 145 3527 211 3589; x_wconf 92' lang='lat' dir='ltr'>eius</span> <span class='ocrx_word' id='word_1_181' title='bbox 246 3533 279 3589; x_wconf 89' lang='lat' dir='ltr'>et</span> <span class='ocrx_word' id='word_1_182' title='bbox 314 3528 455 3590; x_wconf 90' lang='lat' dir='ltr'>carmina</span> <span class='ocrx_word' id='word_1_183' title='bbox 490 3527 630 3590; x_wconf 84' lang='lat' dir='ltr'>afferunt</span> <span class='ocrx_word' id='word_1_184' title='bbox 667 3531 723 3589; x_wconf 89' lang='lat' dir='ltr'>aut</span> <span class='ocrx_word' id='word_1_185' title='bbox 745 3525 794 3588; x_wconf 89' lang='lat' dir='ltr'>his</span> <span class='ocrx_word' id='word_1_186' title='bbox 818 3525 980 3588; x_wconf 88' lang='lat' dir='ltr'>imitandis</span> <span class='ocrx_word' id='word_1_187' title='bbox 1004 3526 1057 3588; x_wconf 86' lang='lat' dir='ltr'>vel</span> <span class='ocrx_word' id='word_1_188' title='bbox 1080 3525 1142 3588; x_wconf 92' lang='lat' dir='ltr'>alio</span> <span class='ocrx_word' id='word_1_189' title='bbox 1167 3526 1261 3589; x_wconf 91' lang='lat' dir='ltr'>modo</span> 
     </span>
     <span class='ocr_line' id='line_1_28' title="bbox 146 3627 1261 3716; baseline 0 -23"><span class='ocrx_word' id='word_1_190' title='bbox 146 3631 317 3694; x_wconf 88' lang='lat' dir='ltr'>ostendunt</span> <span class='ocrx_word' id='word_1_191' title='bbox 352 3627 570 3694; x_wconf 67' lang='lat' dir='ltr'>sulmonensis</span> <span class='ocrx_word' id='word_1_192' title='bbox 603 3637 718 3716; x_wconf 89' lang='lat' dir='ltr'>poetae</span> <span class='ocrx_word' id='word_1_193' title='bbox 753 3651 850 3715; x_wconf 88' lang='lat' dir='ltr'>opera</span> <span class='ocrx_word' id='word_1_194' title='bbox 883 3630 958 3693; x_wconf 86' lang='lat' dir='ltr'>viris</span> <span class='ocrx_word' id='word_1_195' title='bbox 983 3628 1115 3692; x_wconf 89' lang='lat' dir='ltr'>eruditis</span> <span class='ocrx_word' id='word_1_196' title='bbox 1138 3629 1261 3693; x_wconf 89' lang='lat' dir='ltr'>littera-</span> 
     </span>
     <span class='ocr_line' id='line_1_29' title="bbox 145 3736 794 3818; baseline 0 -21"><span class='ocrx_word' id='word_1_197' title='bbox 145 3757 277 3818; x_wconf 88' lang='lat' dir='ltr'>rumque</span> <span class='ocrx_word' id='word_1_198' title='bbox 302 3736 483 3800; x_wconf 87' lang='lat' dir='ltr'>amantibus</span> <span class='ocrx_word' id='word_1_199' title='bbox 507 3737 540 3799; x_wconf 92' lang='lat' dir='ltr'>in</span> <span class='ocrx_word' id='word_1_200' title='bbox 564 3758 661 3800; x_wconf 91' lang='lat' dir='ltr'>manu</span> <span class='ocrx_word' id='word_1_201' title='bbox 686 3736 794 3798; x_wconf 87' lang='lat' dir='ltr'>fuisse.</span> 
     </span>
    </p>

    <p class='ocr_par' dir='ltr' id='par_1_9' title="bbox 146 3840 1260 4135">
     <span class='ocr_line' id='line_1_30' title="bbox 188 3840 1260 3927; baseline -0.003 -22"><span class='ocrx_word' id='word_1_202' title='bbox 188 3840 273 3914; x_wconf 77' lang='lat' dir='ltr'>Quin</span> <span class='ocrx_word' id='word_1_203' title='bbox 309 3842 406 3904; x_wconf 89' lang='lat' dir='ltr'>etiam</span> <span class='ocrx_word' id='word_1_204' title='bbox 440 3841 527 3927; x_wconf 93' lang='lat' dir='ltr'>apud</span> <span class='ocrx_word' id='word_1_205' title='bbox 554 3842 748 3927; x_wconf 90' lang='lat' dir='ltr'>posteriores</span> <span class='ocrx_word' id='word_1_206' title='bbox 773 3841 841 3903; x_wconf 94' lang='lat' dir='ltr'>eius</span> <span class='ocrx_word' id='word_1_207' title='bbox 865 3841 899 3902; x_wconf 91' lang='lat' dir='ltr'>in</span> <span class='ocrx_word' id='word_1_208' title='bbox 923 3840 1014 3925; x_wconf 91' lang='lat' dir='ltr'>poesi</span> <span class='ocrx_word' id='word_1_209' title='bbox 1039 3846 1071 3902; x_wconf 88' lang='lat' dir='ltr'>et</span> <span class='ocrx_word' id='word_1_210' title='bbox 1086 3840 1260 3924; x_wconf 86' lang='lat' dir='ltr'>praecipue</span> 
     </span>
     <span class='ocr_line' id='line_1_31' title="bbox 146 3939 1260 4031; baseline 0 -23"><span class='ocrx_word' id='word_1_211' title='bbox 146 3945 272 4028; x_wconf 87' lang='lat' dir='ltr'>quidem</span> <span class='ocrx_word' id='word_1_212' title='bbox 296 3946 329 4008; x_wconf 92' lang='lat' dir='ltr'>in</span> <span class='ocrx_word' id='word_1_213' title='bbox 351 3966 384 4008; x_wconf 89' lang='lat' dir='ltr'>re</span> <span class='ocrx_word' id='word_1_214' title='bbox 410 3945 543 4009; x_wconf 87' lang='lat' dir='ltr'>metrica</span> <span class='ocrx_word' id='word_1_215' title='bbox 566 3947 741 4031; x_wconf 92' lang='lat' dir='ltr'>plurimum</span> <span class='ocrx_word' id='word_1_216' title='bbox 768 3945 871 4028; x_wconf 84' lang='lat' dir='ltr'>viguit</span> <span class='ocrx_word' id='word_1_217' title='bbox 895 3939 1086 4008; x_wconf 77' lang='lat' dir='ltr'>auctoritas</span> <span class='ocrx_word' id='word_1_218' title='bbox 1112 3943 1203 4015; x_wconf 86' lang='lat' dir='ltr'>Quae</span> <span class='ocrx_word' id='word_1_219' title='bbox 1226 3967 1260 4008; x_wconf 90' lang='lat' dir='ltr'>rc</span> 
     </span>
     <span class='ocr_line' id='line_1_32' title="bbox 147 4049 1259 4135; baseline 0.001 -24"><span class='ocrx_word' id='word_1_220' title='bbox 147 4070 219 4113; x_wconf 88' lang='lat' dir='ltr'>vera</span> <span class='ocrx_word' id='word_1_221' title='bbox 259 4056 326 4112; x_wconf 87' lang='lat' dir='ltr'>tam</span> <span class='ocrx_word' id='word_1_222' title='bbox 361 4071 476 4134; x_wconf 84' lang='lat' dir='ltr'>magna</span> <span class='ocrx_word' id='word_1_223' title='bbox 509 4049 579 4133; x_wconf 85' lang='lat' dir='ltr'>fuit,</span> <span class='ocrx_word' id='word_1_224' title='bbox 603 4056 640 4113; x_wconf 90' lang='lat' dir='ltr'>ut</span> <span class='ocrx_word' id='word_1_225' title='bbox 663 4055 780 4135; x_wconf 87' lang='lat' dir='ltr'>poetae</span> <span class='ocrx_word' id='word_1_226' title='bbox 803 4051 998 4113; x_wconf 86' lang='lat' dir='ltr'>recentiores</span> <span class='ocrx_word' id='word_1_227' title='bbox 1022 4056 1151 4135; x_wconf 87' lang='lat' dir='ltr'>praeter</span> <span class='ocrx_word' id='word_1_228' title='bbox 1176 4049 1259 4112; x_wconf 90' lang='lat' dir='ltr'>Ver·</span> 
     </span>
    </p>
   </div>
   <div class='ocr_carea' id='block_1_8' title="bbox 150 4285 286 4292">
    <p class='ocr_par' dir='ltr' id='par_1_10' title="bbox 150 4285 286 4292">
     <span class='ocr_line' id='line_1_33' title="bbox 150 4285 286 4292; baseline 0.015 -2"><span class='ocrx_word' id='word_1_229' title='bbox 150 4285 286 4292; x_wconf 71' lang='lat'>——.-</span> 
     </span>
    </p>
   </div>
   <div class='ocr_carea' id='block_1_9' title="bbox 184 4410 726 4648">
    <p class='ocr_par' dir='ltr' id='par_1_11' title="bbox 184 4410 726 4648">
     <span class='ocr_line' id='line_1_34' title="bbox 185 4410 479 4488; baseline 0.003 -21"><span class='ocrx_word' id='word_1_230' title='bbox 185 4412 212 4485; x_wconf 83' lang='lat'>1)</span> <span class='ocrx_word' id='word_1_231' title='bbox 252 4410 335 4480; x_wconf 83' lang='lat' dir='ltr'>VIII,</span> <span class='ocrx_word' id='word_1_232' title='bbox 358 4411 414 4471; x_wconf 81' lang='lat'>877</span> <span class='ocrx_word' id='word_1_233' title='bbox 436 4431 479 4488; x_wconf 88' lang='lat' dir='ltr'>sq.</span> 
     </span>
     <span class='ocr_line' id='line_1_35' title="bbox 184 4488 726 4564; baseline 0.002 -18"><span class='ocrx_word' id='word_1_234' title='bbox 184 4493 213 4562; x_wconf 85' lang='lat'>2)</span> <span class='ocrx_word' id='word_1_235' title='bbox 254 4488 296 4548; x_wconf 78' lang='lat' dir='ltr'>cf.</span> <span class='ocrx_word' id='word_1_236' title='bbox 318 4489 436 4564; x_wconf 81' lang='lat' dir='ltr'>Seneca,</span> <span class='ocrx_word' id='word_1_237' title='bbox 459 4491 560 4550; x_wconf 79' lang='lat' dir='ltr'>Oontr.</span> <span class='ocrx_word' id='word_1_238' title='bbox 582 4491 605 4562; x_wconf 87' lang='lat'>1,</span> <span class='ocrx_word' id='word_1_239' title='bbox 629 4492 656 4563; x_wconf 88' lang='lat'>2,</span> <span class='ocrx_word' id='word_1_240' title='bbox 679 4491 726 4548; x_wconf 88' lang='grc'>22.</span> 
     </span>
     <span class='ocr_line' id='line_1_36' title="bbox 188 4568 618 4648; baseline 0.005 -21"><span class='ocrx_word' id='word_1_241' title='bbox 188 4569 217 4644; x_wconf 88' lang='grc'>3)</span> <span class='ocrx_word' id='word_1_242' title='bbox 257 4568 345 4628; x_wconf 67' lang='lat' dir='ltr'>&#39;frist</span> <span class='ocrx_word' id='word_1_243' title='bbox 369 4570 426 4642; x_wconf 92' lang='lat' dir='ltr'>III,</span> <span class='ocrx_word' id='word_1_244' title='bbox 448 4572 475 4642; x_wconf 87' lang='lat'>3,</span> <span class='ocrx_word' id='word_1_245' title='bbox 500 4571 534 4628; x_wconf 80' lang='lat'>77</span> <span class='ocrx_word' id='word_1_246' title='bbox 556 4590 618 4648; x_wconf 87' lang='lat' dir='ltr'>sqq.</span> 
     </span>
    </p>
   </div>
   <div class='ocr_carea' id='block_1_10' title="bbox 0 0 1616 5130">
    <p class='ocr_par' dir='ltr' id='par_1_12' title="bbox 0 0 1616 5130">
     <span class='ocr_line' id='line_1_37' title="bbox 0 0 1616 5130; baseline 0 0"><span class='ocrx_word' id='word_1_247' title='bbox 0 0 1616 5130; x_wconf 95' lang='lat' dir='ltr'> </span> 
     </span>
    </p>
   </div>
  </div>
 </body>
</html>
