3298 5134
847 483 888 546 10

350 667 425 731 Non
448 668 535 731 omni
558 666 689 751 quidem
713 688 756 731 ex
778 675 882 754 parte,
906 690 940 732 re
965 676 1075 734 tamen
1098 671 1254 757 ipsacum
1266 676 1425 742 Merkelio

306 773 465 836 consentit
489 773 585 837 Otto
610 772 728 856 Korn,
752 773 807 858 qui
832 775 957 838 etiamsi
981 775 1082 840 multo
1105 779 1263 844 minorem
1274 803 1425 847 versuum

306 879 487 964 spuriorum
510 901 681 943 numerum
705 881 845 961 seclusit,
870 887 978 944 tamen
1001 882 1188 967 priusquam
1212 886 1338 950 codices
1359 910 1425 951 ma-

305 984 471 1069 nuscripti,
515 985 570 1068 qui
604 990 745 1049 aetatem
780 987 934 1069 tulerunt,
970 989 1258 1073 conscriberentur,
1297 993 1426 1078 saepius

303 1089 479 1153 recensitos
502 1111 572 1153 esse
596 1090 903 1174 Metamorphoseon
925 1092 1024 1155 libros
1049 1093 1198 1177 opinatur
1213 1090 1245 1176 ¹).
1280 1097 1424 1161 Tertiam

305 1214 403 1282 quam
437 1194 596 1279 significat
630 1197 851 1262 recensionem
876 1217 913 1259 eo
937 1203 1072 1281 tenpore
1095 1201 1189 1284 ponit
1212 1222 1275 1281 quo
1300 1202 1425 1266 codices

304 1299 596 1382 conscribebantur,
620 1301 676 1381 qui
700 1321 741 1364 ex
765 1301 932 1386 archetypi
954 1302 1050 1383 illius,
1075 1304 1130 1384 qui
1153 1305 1288 1368 alteram
1309 1299 1419 1371 recen·

304 1404 426 1468 sionem
450 1406 599 1485 servavit,
624 1407 810 1492 apographo
834 1412 909 1470 sunt
932 1407 1050 1491 scriptis
1108 1445 1113 1452 ·

347 1509 513 1588 ,Primum
548 1510 653 1574 enim''
677 1511 799 1575 Kornio
824 1511 930 1574 iudice
958 1518 1053 1592 ,ante
1077 1512 1234 1577 Prisciani
1273 1522 1420 1601 tempora

218 1613 221 1616 ’
304 1615 438 1707 exstitit,
474 1617 528 1696 qui
556 1616 731 1680 editionem
755 1617 862 1680 nescio
887 1615 1005 1697 quibus
1029 1608 1205 1681 rationibus
1230 1620 1344 1684 fultam
1368 1643 1423 1706 pa-

303 1725 398 1782 raret.
433 1719 476 1781 Et
510 1722 536 1783 is
564 1720 695 1802 quidem
708 1770 824 1784 ......
847 1743 962 1805 parum
984 1722 1190 1787 laudabiliter
1217 1747 1349 1789 munere
1376 1733 1424 1789 est

304 1824 523 1909 perfunctus.”

351 1933 464 2012 ,Alter
499 1955 586 2014 vero,
622 1933 732 2015 quiin
757 1934 872 1998 eodem
896 1936 1052 1998 curriculo
1076 1934 1159 1997 vires
1184 1935 1340 2014 excreuit,
1366 1936 1419 2015 qui

304 2036 409 2101 Oaroli
444 2040 553 2123 magni
568 2087 685 2102 ......
722 2039 921 2124 temporibus
951 2039 1022 2119 fuit,
1047 2039 1192 2102 doctrina
1216 2060 1259 2102 ex
1283 2040 1422 2119 antiquis

304 2142 445 2207 fontibus
469 2144 585 2207 hausta
607 2144 693 2207 haud
727 2144 772 2206 ita
796 2144 980 2224 instructus,
1004 2144 1037 2207 id
1061 2144 1263 2228 potissimum
1288 2145 1364 2227 egit,
1389 2152 1424 2207 ut

303 2249 349 2310 eis
386 2267 469 2328 quae
504 2250 580 2311 artis
614 2249 741 2332 legibus
765 2249 906 2332 vulgaris
930 2270 1043 2332 parum
1071 2248 1259 2312 viderentur
1291 2270 1422 2333 respon·

303 2353 380 2416 dere
393 2353 526 2416 sublatis
551 2359 677 2415 textum
701 2359 875 2432 utcumque
900 2373 975 2414 eum
998 2353 1218 2434 constitueret,
1232 2353 1287 2432 qui
1308 2353 1425 2416 talibus

303 2457 545 2521 difficultatibus
567 2459 732 2541 legentem
756 2457 946 2541 discipulum
971 2456 1052 2518 nihil
1075 2457 1284 2521 moraretu1·.”
1299 2459 1370 2538 „Ex
1387 2480 1425 2522 ca

303 2570 413 2625 alitem
446 2563 632 2626 recensione
667 2584 797 2647 prorsus
833 2562 978 2647 pendent
1012 2562 1085 2624 libri
1121 2563 1341 2644 vetustissimi,
1366 2564 1421 2643 qui

301 2688 403 2749 usque
438 2668 479 2732 ad
513 2669 593 2731 haec
626 2674 771 2751 tempora
795 2676 870 2730 sunt
894 2665 1044 2729 servati''.
1074 2667 1146 2744 ,Ex
1170 2687 1207 2730 eo
1233 2667 1322 2730 fonte
1348 2667 1419 2751 ipso

302 2773 432 2836 deducti
456 2780 530 2836 sunt
553 2773 608 2855 qui
633 2772 845 2852 antiquissimi
870 2778 944 2834 sunt
968 2778 1000 2834 et
1024 2772 1137 2856 optimi
1162 2793 1203 2834 cx
1222 2779 1421 2835 servatorum

302 2899 436 2941 numero
460 2880 533 2942 libri
556 2878 771 2942 Londinensis
795 2884 827 2940 et
850 2876 1065 2940 Marcianus’⁷.

346 2982 485 3046 Iustisne
534 2983 733 3068 argumentis
780 2989 812 3044 et
859 2981 985 3045 Merkel
1021 2988 1054 3044 et
1091 2981 1184 3044 Korn
1220 3002 1289 3043 rem
1324 3003 1421 3062 quam

302 3093 448 3150 statuunt
472 3086 763 3150 demonstraverint
785 3086 948 3166 inquirere
970 3087 1031 3149 hoc
1053 3088 1123 3150 loco
1142 3085 1419 3171 supersedendum

301 3213 370 3254 csse
407 3199 495 3276 puto.
522 3191 606 3254 Satis
630 3192 691 3255 erit
714 3191 883 3271 indicasse,
911 3191 1080 3272 rationem,
1108 3212 1191 3272 quae
1216 3191 1417 3255 Heinsiauue

301 3297 450 3360 editionis
500 3296 710 3360 fundamento
752 3297 874 3376 nititur,
914 3296 954 3359 ad
990 3303 1098 3360 nostra
1132 3316 1235 3377 usquc
1274 3302 1420 3382 tempora

302 3402 525 3486 permansisse.

374 3615 391 3696 ξ
418 3617 448 3678 4.
495 3613 571 3674 Nou
594 3636 693 3674 orarias
717 3636 815 3674 stersus
839 3636 873 3674 ee
894 3614 1011 3673 ratione
1034 3611 1182 3693 erplireri
1200 3625 1338 3694 possunt.

341 3779 389 3842 Ea
426 3799 500 3840 vcro
527 3777 661 3856 ratione,
688 3776 728 3839 dc
753 3798 816 3856 qua
840 3797 936 3860 supra
963 3796 1068 3838 sermo
1097 3781 1175 3855 erat,
1202 3797 1280 3838 num
1306 3796 1417 3838 omnes

297 3905 417 3963 vorsus,
442 3881 497 3962 qui
523 3902 726 3962 quacumque
754 3881 794 3942 de
819 3901 914 3941 causa
940 3878 1057 3942 Ovidio
1086 3879 1321 3959 abiudicentur,
1350 3902 1417 3943 ree·

296 3996 362 4052 tam
387 3986 636 4071 explicationem
660 3986 827 4069 accipiant,
853 3986 965 4064 quaeri
994 3986 1079 4047 licet.
1107 3984 1217 4046 Unum
1233 3987 1417 4048 tantumlo-

295 4115 367 4156 cum
391 4092 441 4155 hic
465 4089 609 4170 afferam,
633 4090 688 4170 qui
713 4089 859 4151 nonnihil
883 4089 1086 4152 difficultatis
1110 4089 1255 4173 praebet.

338 4197 442 4259 Locus
467 4202 515 4259 est
537 4195 571 4256 in
594 4194 675 4256 libro
699 4191 831 4255 Metam.
856 4192 951 4273 Vlll,
976 4194 1031 4256 ubi
1056 4193 1201 4256 Theseus
1223 4216 1299 4279 apro
1322 4194 1416 4279 Caly-

195 4331 198 4336 ·
294 4302 388 4365 donio
423 4300 603 4380 interfecte,
639 4319 710 4360 cum
746 4318 780 4360 se
815 4296 963 4360 Athenas
999 4300 1168 4384 reciperet,
1203 4298 1242 4361 ab
1267 4298 1415 4363 Acheloo

332 4553 359 4625 l)
402 4549 521 4608 Metam.
544 4566 599 4605 rec.
621 4547 653 4605 0.
678 4547 759 4605 Korn
781 4549 894 4624 (1880),
918 4546 1011 4623 prael.
1037 4565 1084 4622 pg.
1107 4546 1168 4604 Vll
1190 4566 1254 4623 sqq.
