2956 4958
714 385 756 448 28

174 572 282 644 Quare
307 570 428 633 factum
453 576 511 651 est,
535 575 571 632 ut
593 574 690 656 poeta
714 575 780 633 tam
804 590 901 656 saepe
924 570 1163 635 exclamaverit
1185 574 1291 657 poesin

174 676 235 741 sibi
271 675 418 738 nocuisse
443 682 475 738 et
498 674 609 759 fugam
633 696 725 738 suam
748 675 934 760 primariam
959 675 1118 759 originem
1143 675 1291 741 habuisse

60 786 62 792 '
176 804 218 846 ex
242 780 348 845 studio
372 779 549 844 Musarum.
574 778 670 842 Trist.
695 779 740 861 H,
766 784 806 842 a:

308 884 422 964 ,deme
447 884 525 947 mihi
549 884 706 947 studium:
732 885 817 947 vitae
843 905 971 968 quoque
996 886 1130 949 crimina
1155 885 1282 950 demes”

178 990 226 1054 cf.
263 989 360 1053 etiarn
384 1011 427 1053 ex
449 989 487 1052 P.
512 989 570 1070 IV,
598 991 648 1068 13,
673 992 806 1073 42:sq.:

640 1099 839 1173 ,nocuerunt
863 1094 1005 1156 carmina
1029 1094 1196 1175 quondam

351 1200 519 1284 primaque
543 1205 609 1261 tam
634 1200 770 1262 miserae
795 1220 890 1262 causa
914 1199 1005 1262 fuere
1030 1199 1162 1284 fugae’'.

218 1303 334 1388 Neque
368 1303 485 1366 mirum
518 1303 618 1386 igitur
653 1310 711 1382 est,
747 1303 915 1367 Sidonium
952 1303 1178 1388 Apollinarem
1195 1309 1228 1390 ¹),
1259 1315 1289 1372 et

174 1409 345 1472 Aurelium
375 1407 540 1470 Victorem
552 1399 588 1488 ²),
614 1414 678 1470 tres
701 1408 827 1471 libellos
851 1406 939 1470 Artis
963 1412 1140 1474 amatoriae
1164 1412 1292 1476 unicam

175 1513 384 1598 relegationis
408 1503 538 1576 causam
563 1512 744 1575 tradidisse.

217 1618 260 1681 Et
294 1639 327 1680 re
364 1637 439 1680 vera
475 1615 646 1680 Caesarem
676 1624 808 1702 propter
839 1618 980 1681 carmina
1003 1625 1121 1702 poetae
1146 1622 1290 1706 relegato

174 1743 370 1809 magnopere
406 1721 624 1785 succensuisse
661 1729 694 1784 ct
729 1729 859 1806 poetam
896 1743 972 1807 ergo
1007 1744 1073 1786 non
1107 1725 1226 1789 iniuria
1251 1747 1288 1789 ea

174 1828 312 1913 primam
335 1828 448 1890 ruinae
472 1847 548 1890 suae
573 1847 702 1888 causam
725 1826 899 1909 putavisse,
923 1827 1000 1889 satis
1020 1848 1063 1890 ex
1089 1849 1126 1890 eo
1148 1837 1295 1915 apparet,

175 1931 262 2012 quod
297 1933 394 1996 etiam
426 1933 494 1996 eius
518 1952 616 2015 opera
640 1951 657 1993 e
681 1930 782 1993 tribus
805 1931 1008 1994 bibliothecis
1032 1933 1180 2017 publicis,
1207 1955 1290 2018 quae

176 2043 267 2100 crant
301 2037 334 2100 in
371 2039 450 2101 atrio
474 2036 659 2115 Libertatis,
684 2035 717 2097 in
740 2035 861 2119 templo
885 2035 1047 2119 Apollinis
1070 2036 1235 2120 Palatino,
1260 2038 1294 2100 in

175 2142 300 2226 porticu
338 2140 502 2224 Octaviae,
537 2146 662 2203 remota
696 2140 816 2220 sunta).
854 2139 961 2211 Quare
998 2147 1096 2225 poeta
1132 2143 1165 2205 in
1189 2143 1296 2227 prima

177 2267 219 2309 ex
242 2247 347 2311 Ponto
372 2248 519 2332 epistula,
543 2249 645 2312 Bruto
670 2249 788 2332 scripta
812 2247 852 2328 (l,
880 2252 907 2327 1,
933 2250 1055 2329 o-lo)
1080 2251 1252 2330 queritur:

220 2349 268 2432 (6)
316 2351 470 2430 ,Publica
515 2374 580 2416 non
617 2352 737 2416 audent
772 2354 855 2415 intra
890 2353 1099 2433 mornimenta
1137 2356 1249 2418 venire

363 2505 810 2520 .........
859 2456 1003 2519 sed....
1028 2457 1130 2521 latere

221 2560 291 2642 (10)
328 2560 387 2624 sub
411 2560 494 2624 Lare
517 2562 642 2646 privato
667 2562 767 2623 tutius
791 2581 861 2623 esse
884 2559 1019 2646 putant”
1035 2561 1071 2642 ⁴).

298 2772 315 2852 ᾖ
340 2775 369 2835 5.
417 2771 548 2854 Propter
572 2772 780 2853 raleputr'orrcm
804 2772 986 2831 carminibus
1016 2774 1182 2833 surrepserit

509 2863 561 2921 sed
583 2884 652 2921 raon·
675 2862 717 2920 (ul
744 2860 851 2921 ildricus·
877 2861 973 2919 nullia

221 3020 302 3085 Cum
326 3028 435 3086 autem
454 3022 588 3087 Ovidius
612 3024 753 3087 carmina
777 3030 886 3086 tantae
910 3043 987 3085 suae
1012 3023 1205 3087 calamitatis
1224 3024 1293 3089 fon·

176 3132 242 3189 tem
279 3133 376 3211 atque
412 3128 569 3212 originem
598 3128 697 3191 fuisse
721 3149 781 3192 nec
804 3129 921 3191 iniuria
947 3149 1004 3212 pro
1036 3135 1124 3192 certo
1151 3129 1298 3212 haberet,

220 3280 248 3351 l)
291 3278 320 3336 O.
353 3279 461 3337 Sollius
494 3280 673 3354 Apollinaris
702 3279 849 3348 Sidonius,
872 3300 964 3338 carm.
992 3283 1218 3355 23,158sqq.:

340 3360 395 3415 145
420 3359 514 3427 »Quid
547 3378 676 3417 vos...
713 3360 917 3418 canam''....

340 3437 395 3494 158
420 3446 466 3495 »et
492 3442 520 3496 te
542 3439 672 3497 carmina
693 3459 743 3514 par
764 3439 921 3496 libidinosa

419 3521 534 3588 notum,
562 3520 638 3577 Naso
659 3522 752 3588 tener,
775 3519 938 3592 Tomosque
962 3519 1095 3590 missum,

417 3597 564 3672 quondam
586 3597 744 3656 Caesareae
765 3598 853 3655 nimis
873 3599 991 3673 puellae

418 3677 491 3734 ficto
512 3678 629 3735 nomine
650 3678 803 3735 subditum
826 3677 1000 3736 Corinnae”.

220 3755 251 3824 2)
295 3752 398 3826 (Sext.)
412 3757 550 3814 Aurelius
579 3757 691 3826 Victor,
722 3757 758 3814 de
789 3757 850 3814 vita
873 3762 901 3816 et
924 3758 1055 3816 moribus
1075 3763 1299 3832 imperatorum

180 3851 370 3890 romanorum
400 3834 424 3904 I,
445 3837 482 3892 2:
505 3836 552 3910 (de
573 3837 720 3911 Augusto)
744 3855 892 3913 »cumque
915 3841 989 3896 esset
1007 3837 1144 3895 luxuriae
1155 3841 1301 3901 serviens.

180 3918 243 3970 erat
275 3919 374 3970 tamen
409 3915 536 3973 eiusdem
567 3917 635 3973 vitii
666 3916 871 3974 severissimus
904 3917 998 3980 ultor,
1030 3935 1111 3975 more
1131 3919 1300 3986 hominnm,

180 3992 232 4066 qui
253 3993 283 4048 in
303 3993 478 4052 ulciscendis
498 3995 587 4064 vitiis,
609 3997 719 4070 quibus
740 3996 796 4071 ipsi
817 3996 1005 4054 vehementer
1025 3996 1199 4072 indulgent,
1218 4017 1301 4057 acres

180 4077 259 4128 sunt.
291 4074 366 4129 Nam
389 4079 418 4130 et
438 4080 565 4149 poetam,
592 4075 740 4145 Ovidium,
761 4075 812 4149 qui
834 4080 861 4134 et
884 4076 970 4144 Naso,
993 4094 1046 4150 pro
1067 4095 1101 4134 eo
1123 4078 1208 4151 quod
1240 4085 1301 4136 tres

182 4152 288 4210 litellos
310 4153 471 4211 amatoriae
492 4154 566 4212 artis
587 4156 798 4229 conscripserat
819 4155 910 4212 exilio
932 4155 1115 4213 damnavit''.

221 4231 250 4305 3)
293 4231 383 4288 Trist.
407 4232 461 4301 Ill,
487 4235 512 4301 l,
535 4236 571 4290 65
593 4254 653 4309 sqq.

221 4312 251 4382 4)
264 4311 456 4370 Bibliothecis
467 4332 582 4386 qnoque
593 4316 779 4388 privatorum
793 4314 1105 4372 »Arta'interdictum
1117 4315 1211 4373 luisse
1221 4315 1300 4390 quod

182 4390 322 4459 Ribbeck,
345 4390 381 4449 G.
402 4391 436 4449 ll.
459 4391 493 4449 D.
516 4392 604 4468 Ilpg.
628 4395 684 4451 315
705 4394 866 4461 contendit,
888 4413 920 4450 ex
933 4393 1092 4452 Tristlll.
1106 4395 1172 4465 14,5
1185 4416 1248 4473 sqq.
1270 4399 1298 4454 ot

181 4489 215 4528 ex
236 4469 269 4529 P.
289 4471 313 4540 I,
337 4471 372 4529 12
394 4490 493 4530 eruere
514 4492 573 4531 non
594 4493 725 4549 possum.
