2956 4958
611 400 652 461 65

251 607 352 649 arvae
376 584 539 647 devexum
565 585 679 646 Pelion
704 586 784 646 (lasa
808 583 890 647 tulit.

206 693 245 756 ln
268 691 416 770 monibus
441 691 567 755 nimbos
592 697 623 754 et
647 712 720 754 eum
744 691 821 753 love
846 690 970 753 fulmen
993 690 1165 777 habebam,

247 797 334 882 quod
356 784 441 860 bene
466 818 523 881 pro
548 797 637 859 coelo
661 796 806 858 mitteret
829 796 883 858 ille
908 796 997 860 su0.''

48 902 300 988 aasqq.:,euid
324 902 403 964 mihi
427 901 584 986 profuerit
608 901 705 963 velox
729 905 875 963 cantatus
898 899 1059 965 Achilles?

251 1007 336 1078 Quid
360 1028 417 1092 pro
442 1027 494 1068 me
518 1005 649 1069 Atrides
674 1007 756 1069 alter
779 1013 812 1067 et
836 1006 917 1069 alter
941 1013 1049 1091 agent,

207 1112 326 1195 quique
350 1119 398 1174 tot
422 1111 557 1174 errando
582 1118 660 1194 quot
682 1112 767 1174 bello
792 1109 933 1195 perdidit
957 1133 1068 1192 annos,

247 1213 358 1301 raptus
383 1223 415 1279 et
439 1215 632 1279 Haemoniis
655 1216 771 1279 flebilis
794 1215 918 1279 Hector
943 1216 1072 1298 equis”?

107 1353 211 1417 Hane
248 1360 359 1417 autern
395 1353 538 1416 fabulam
574 1360 606 1417 et
629 1354 709 1416 haee
734 1361 926 1438 argumenta
950 1375 983 1418 re
1008 1376 1085 1418 vera
1108 1362 1192 1419 trae-

56 1459 150 1524 tavit
174 1464 272 1544 poeta
296 1459 329 1521 in
352 1457 658 1543 Metamorphoseon
680 1458 779 1521 libris.
806 1460 912 1532 Quare
937 1459 1195 1559 verisimilem,

57 1589 143 1632 eum
167 1566 221 1628 hic
242 1566 307 1628 iam
330 1569 438 1649 partes
461 1563 546 1624 illius
569 1562 674 1646 operis
696 1562 838 1626 indicare
865 1584 1004 1644 eumque
1023 1565 1088 1628 iam
1108 1572 1184 1628 tune

59 1694 104 1736 ea
134 1671 282 1736 earmina
307 1669 509 1732 conscribere
534 1667 687 1752 coepisse.

115 1899 272 1962 Ceterum
297 1918 373 1959 eum
397 1896 461 1958 iam
487 1895 601 1958 eodem
625 1902 771 1981 tempore
796 1919 869 1959 cum
882 1897 997 1962 cecinit
1010 1899 1195 1983 populoque

62 2004 152 2088 legit
178 2002 318 2065 carmina
342 2000 587 2081 amatoriailla,
612 2022 695 2084 quac
718 2008 831 2086 postea
855 2003 957 2067 tribus
980 2004 1097 2066 libellis
1111 2026 1196 2067 eom·

62 2106 246 2196 prehendit
271 2113 399 2169 etcum
424 2105 658 2189 epigrammate
683 2111 715 2167 et
740 2107 867 2191 epilogo
888 2107 999 2190 edidit,
1018 2108 1195 2172 Metamor-

65 2216 194 2302 phoses
229 2231 418 2296 aggressum
442 2230 512 2272 esse
537 2211 720 2291 multasque
744 2211 808 2274 iarn
832 2219 940 2297 partes
965 2215 1193 2299 composuisse,

64 2319 187 2407 procul
211 2316 308 2380 dubio
334 2314 478 2378 efficitur
503 2335 544 2377 ex
567 2314 642 2378 Am.
668 2316 731 2397 lll,
755 2319 804 2380 12.
825 2317 876 2380 lbi
895 2320 1040 2399 queritur
1060 2317 1196 2382 Ovidius

66 2425 248 2490 Corinnam
277 2419 471 2484 carminibus
496 2419 561 2482 suis
584 2421 772 2502 innotuisse,
797 2423 841 2485 ita
865 2430 901 2486 ut
924 2431 1075 2489 vereatur
1101 2448 1196 2507 ,curn

66 2529 204 2595 multis.
220 2577 227 2590 .
242 2575 271 2590 ..
305 2546 345 2589 ne
370 2525 411 2588 sit
433 2523 584 2587 habenda
609 2524 689 2588 sibi”
715 2525 774 2606 (vs.
801 2527 844 2608 6.)
869 2527 1008 2592 Etcum
1032 2530 1100 2614 ipse
1126 2531 1195 2595 eius

65 2638 198 2701 formae
222 2631 394 2718 praeconia
418 2629 541 2710 fecerit,
565 2629 625 2692 hae
649 2631 718 2715 ipsa
743 2631 776 2693 in
799 2653 834 2694 re
859 2633 929 2713 sibi,
949 2641 1077 2718 poetae,
1096 2635 1193 2699 fidem

63 2740 187 2806 haberi
223 2737 320 2818 dolet,
356 2734 502 2816 quamvis
527 2735 668 2818 alioquin
696 2756 780 2814 ,non
805 2742 914 2799 tamen
937 2744 973 2800 ut
998 2744 1100 2801 testes
1124 2761 1193 2802 mos

64 2849 109 2912 sit
136 2845 249 2909 audire
273 2839 406 2928 poetas”
432 2839 513 2921 (19.)
538 2840 690 2925 Exempli
715 2846 824 2903 autern
849 2864 944 2905 causa
964 2843 1040 2905 satis
1063 2845 1194 2929 longam

64 2953 190 3018 seriem
214 2947 396 3011 fabularum
422 2952 600 3024 enumerat,
626 2966 704 3025 quas
728 2946 797 3029 ipse
822 2946 948 3031 scripsit
972 2948 1114 3031 quidem,
1135 2969 1195 3012 nec

64 3066 184 3122 tamen
210 3050 405 3135 „obligavit”
433 3050 604 3130 ,historica
627 3049 721 3112 fide.”

114 3159 226 3223 Series
250 3176 288 3218 ea
311 3155 493 3218 fabularum
518 3157 623 3218 estin
647 3177 708 3217 vss.
735 3157 883 3218 21—40:

210 3293 294 3375 ,Per
316 3314 374 3356 nos
398 3291 503 3372 Scylla
524 3295 608 3377 patri
633 3315 729 3357 canos
753 3293 859 3356 furata
883 3293 1015 3377 capillos

253 3399 339 3485 pube
363 3397 481 3481 premit
504 3397 631 3459 rabidos
655 3398 905 3483 inguinibusque
930 3418 1041 3460 canes:

208 3525 266 3567 nos
290 3501 426 3586 pedibus
449 3501 564 3584 pinnas
587 3500 749 3566 dedimus:
773 3524 831 3566 nos
855 3502 996 3565 crinibus
1020 3524 1156 3587 angues:

252 3609 353 3671 victor
375 3604 577 3669 Abantiades
601 3606 676 3668 alite
701 3607 802 3670 fertur
826 3627 926 3688 equo:

209 3713 296 3776 idem
319 3732 377 3797 per
401 3710 541 3796 spatium
566 3709 684 3796 Tityon
707 3717 911 3796 porreximus
934 3713 1049 3796 ingens

253 3823 285 3880 et
308 3816 369 3880 tria
392 3816 523 3900 vipereo
548 3816 682 3879 fecimus
706 3838 760 3879 ora
785 3815 870 3879 cani:

210 3921 345 3984 fecimus
367 3919 556 3982 Enceladon
579 3921 774 3983 iaculantem
797 3922 885 3983 mille
908 3922 1046 4001 lacertis,

253 4025 425 4109 ambiguae
450 4031 560 4108 captos
584 4026 717 4109 virginis
741 4047 795 4088 ore
819 4027 916 4089 viros:

207 4129 340 4194 Aeolios
363 4128 483 4191 Ithaeis
507 4129 694 4211 inclusimus
718 4130 841 4192 utribus
866 4150 973 4193 euros:

253 4234 397 4321 proditor
420 4233 453 4296 in
477 4234 583 4297 medio
608 4234 763 4297 Tantalus
787 4256 881 4298 amne
905 4236 987 4297 sitit:

208 4340 248 4403 de
272 4338 378 4402 Niobe
402 4338 537 4420 silicem,
562 4339 602 4402 de
625 4340 750 4423 virgine
774 4339 909 4403 fecimus
933 4361 1056 4403 ursam:

252 4443 390 4508 concinit
414 4441 588 4529 Odrysium
613 4444 762 4529 Cecropis
789 4446 856 4508 ales
879 4445 967 4529 Ityn:
