3298 5134
889 463 908 523 2

381 643 427 706 Ut
457 643 705 728 Peerlkampius
730 642 769 705 do
793 643 931 707 Horatio
955 643 1039 706 bene
1064 645 1197 709 meritus
1223 648 1339 729 est,ita
1354 653 1456 718 multo

337 758 432 812 antea
467 748 507 810 de
544 747 659 810 Ovidio
694 748 742 809 vir
765 748 963 832 ingeniosus,
989 749 1224 832 elegantiarum
1248 752 1367 836 poetiei
1390 779 1456 821 ser·

336 855 439 918 monis
468 853 691 938 peritissime,
715 852 868 917 Nioolaus
892 853 1058 934 Heinsius,
1084 855 1174 918 ouius
1199 855 1296 920 editio
1322 880 1455 945 operum

336 958 443 1022 Ovidii
479 959 664 1022 etiamnunc
701 956 768 1019 fere
794 959 936 1021 omnium
963 965 1126 1042 sceptrum
1150 967 1241 1023 tenet
1267 961 1455 1029 editionum.

335 1063 429 1127 Multi
474 1062 604 1147 quidem
647 1062 788 1143 fuerunt,
833 1065 886 1148 qui
919 1071 1032 1148 postea
1067 1083 1141 1127 eurn
1178 1065 1456 1152 impugnaverint,

269 1157 271 1161 ¹
334 1170 443 1253 plures
476 1188 551 1231 vero
588 1166 628 1230 ad
663 1166 732 1230 eius
767 1166 923 1231 iudioium
954 1188 987 1230 se
1012 1169 1265 1253 applicaverunt.
1290 1171 1322 1236 Is
1346 1180 1456 1238 autem

334 1274 452 1337 multos
488 1293 598 1336 versus
623 1271 731 1335 Ovidii
754 1274 945 1358 praesertim
972 1293 1014 1336 ex
1038 1272 1344 1360 Metamorphoseon
1367 1279 1455 1343 libris

334 1379 458 1464 spurios
489 1377 652 1442 iudioavit.
677 1377 770 1440 Haeo
795 1378 880 1440 enirn
904 1377 965 1440 fuit
989 1377 1057 1440 eius
1080 1379 1113 1440 in
1137 1387 1206 1443 arte
1230 1381 1338 1445 critica
1361 1385 1453 1467 ratio,

333 1490 369 1546 ut
393 1484 573 1568 complures
597 1503 717 1552 versus,
740 1483 795 1566 qui
810 1502 919 1572 veram
932 1482 1154 1567 sinceramque
1166 1485 1284 1569 poetiei
1299 1489 1454 1552 sermonis

333 1588 529 1672 elegantiam
560 1608 625 1650 non
660 1586 780 1649 habere
817 1586 846 1648 ei
880 1585 1076 1668 viderentur,
1108 1595 1164 1650 aut
1193 1591 1325 1654 mutatis
1347 1593 1453 1656 verbis

333 1693 571 1778 elegantissimo
598 1696 695 1777 poeta
719 1689 833 1775 dignos
859 1690 994 1754 reddere
1021 1701 1201 1774 conaretur,
1225 1702 1281 1758 aut
1305 1696 1330 1758 si
1344 1718 1453 1761 emen-

332 1799 419 1862 datio
455 1819 519 1861 non
543 1796 740 1879 sueeederet,
765 1795 891 1878 Ovidio,
915 1803 1029 1882 utpote
1056 1798 1146 1861 ouius
1170 1819 1281 1863 versus
1305 1803 1453 1867 omnibus

331 1904 474 1968 numeris
498 1902 637 1966 absoluti
662 1922 731 1964 esse
756 1901 922 1984 deberent,
948 1901 1156 1966 abiudiearet.

376 2009 480 2094 Saepe
519 2008 617 2071 etiam
640 2027 787 2070 severam
811 2008 899 2070 illam
923 2008 1144 2092 pronuntiavit
1167 2011 1372 2094 sententiam,
1396 2014 1452 2076 ubi

331 2116 444 2180 eadem
480 2115 576 2178 verba
610 2113 695 2176 intra
729 2135 906 2199 pauoorum
935 2113 1091 2184 ambitum
1115 2121 1293 2198 reeurruut,
1318 2123 1374 2181 aut
1396 2119 1452 2182 ubi

332 2221 403 2304 quis
437 2240 548 2284 versus
583 2219 617 2282 in
651 2239 715 2281 uno
752 2219 893 2283 alterove
925 2218 1033 2281 oodioe
1059 2218 1193 2280 omissus
1219 2227 1287 2283 erat
1302 2220 1334 2303 ¹).
1360 2221 1450 2294 Quae

330 2326 412 2389 ratio
447 2323 585 2388 teounda
621 2344 698 2386 sane
735 2329 803 2386 erat
835 2325 1009 2387 multarum
1037 2322 1310 2388 emendationum.
1334 2325 1450 2410 Neque

331 2428 465 2493 dubium
503 2434 561 2511 est,
585 2427 664 2512 quin
694 2429 795 2491 multa
818 2427 896 2492 vitia
921 2426 1078 2491 eiusmodi
1101 2427 1225 2491 ratione
1249 2429 1289 2492 ab
1312 2429 1449 2494 Heinsio

329 2533 456 2598 deteeta
492 2533 566 2615 sint,
590 2534 693 2596 multa
717 2539 803 2596 reete
828 2531 944 2595 Ovidio
968 2531 1101 2616 indigna
1124 2532 1275 2596 iudicata.
1298 2531 1449 2620 Amplius

329 2638 534 2724 septuaginta
568 2657 680 2701 versus
716 2637 751 2700 in
784 2636 1090 2722 Metamorphoseon
1124 2637 1213 2701 libris
1246 2639 1300 2702 ille
1324 2639 1449 2724 spurios

327 2743 491 2825 iudieavit,
521 2740 697 2806 Ovidianos
720 2763 784 2806 non
809 2742 1017 2824 existimavit,
1042 2750 1207 2830 suspeotos
1233 2743 1357 2825 habuit,
1382 2767 1449 2809 sus·

328 2848 411 2929 tulit,
447 2847 646 2912 adulterinos
685 2848 819 2929 censuit,
855 2869 874 2910 a
904 2847 1093 2911 tenebrione
1138 2849 1235 2912 soiolo
1271 2850 1446 2913 inouleatos

328 2953 420 3036 dixit,
454 2953 483 3023 ἐς
514 2954 648 3032 κόρακας
678 2953 850 3036 ablegavit,
883 2953 967 3016 inter
989 2952 1192 3017 Nasonianos
1220 2975 1283 3016 non
1308 2954 1446 3036 admisit,

326 3081 384 3144 pro
407 3057 557 3142 genuinis
580 3078 645 3120 non
658 3058 792 3138 censuit,
806 3059 926 3121 soutiea
939 3057 1052 3141 dignos
1065 3057 1275 3138 existimavit,
1292 3057 1447 3123 delendos

328 3184 397 3228 esse
421 3161 596 3244 oontendit,
621 3162 784 3226 eiciendos
808 3164 934 3226 censuit
962 3170 994 3226 et
1012 3183 1095 3247 quae
1108 3168 1277 3246 praeterea
1290 3165 1446 3228 voeabula

325 3271 380 3333 ille
416 3268 582 3332 cultissimi
616 3268 738 3352 ingenii
770 3269 818 3332 vir·
853 3269 1060 3353 excogitavit,
1084 3274 1121 3329 ut
1144 3266 1282 3330 eandem
1306 3290 1375 3332 rem
1398 3271 1446 3333 in-

327 3375 457 3438 dicaret.
494 3372 587 3445 Quod
622 3373 778 3437 Heinsius
815 3381 881 3436 tam
917 3375 1026 3437 multis
1054 3373 1216 3456 variisque
1241 3374 1347 3437 verbis
1370 3397 1446 3438 usus

326 3487 374 3544 est
408 3479 449 3544 ad
485 3476 621 3541 eandem
646 3497 714 3540 rem
738 3478 992 3562 significandam,
1016 3483 1153 3541 testatur
1177 3498 1274 3561 quam
1297 3479 1446 3542 limatum

326 3593 358 3649 et
381 3585 518 3671 politum
542 3582 640 3646 fuerit
664 3583 732 3646 eius
757 3583 916 3646 scribendi
928 3603 1042 3668 genus,
1056 3604 1153 3667 quam
1166 3582 1339 3667 diligenter
1351 3585 1446 3647 itera·

326 3691 430 3754 tiones
464 3688 615 3753 vitaverit
638 3687 718 3773 ipse.
745 3687 815 3760 Quo
841 3687 938 3751 etiam
962 3687 1119 3750 adduotus
1143 3694 1192 3750 est
1214 3693 1251 3750 ut
1273 3687 1307 3751 in
1331 3687 1446 3752 Ovidio

326 3795 535 3881 repetitiones
569 3812 672 3876 aequo
708 3793 814 3855 animo
838 3814 903 3856 non
927 3793 1035 3856 terret.
1055 3781 1245 3855 ‘Perieulum
1269 3793 1356 3856 enirn
1382 3814 1446 3856 non

326 3901 447 3978 aberat,
483 3917 524 3960 ne
559 3895 725 3979 Heinsius,
762 3896 847 3981 quod
883 3897 912 3960 ei
948 3897 1109 3961 obieetum
1144 3903 1203 3980 est,
1227 3903 1329 3961 artem
1353 3919 1444 3962 suam

328 4004 443 4068 Ovidio
468 4002 702 4083 obtruderet2).

369 4135 416 4198 Eo
452 4138 571 4213 autem,
607 4153 669 4216 quo
692 4132 822 4195 vivevat
844 4130 1010 4212 Heinsius,
1034 4136 1180 4215 ternpore
1204 4131 1255 4194 his
1278 4132 1312 4195 in
1336 4133 1444 4216 regio·

325 4241 419 4304 nibus
462 4234 590 4300 litterae
625 4237 820 4318 floruerunt,
856 4236 890 4298 in
924 4235 1047 4298 delioiis
1090 4235 1254 4299 habebant
1301 4237 1349 4299 illi
1384 4238 1443 4300 viri

329 4395 473 4404 ———-

368 4453 394 4524 l)
436 4447 473 4508 of.
495 4445 605 4520 Gierig,
627 4445 663 4502 ed
686 4444 756 4502 Met.
779 4446 801 4514 Ι,
826 4446 891 4502 711.
1046 4513 1048 4517 Ι

364 4532 393 4605 2)
435 4527 470 4586 ol.
494 4527 532 4584 H.
552 4524 687 4600 Magnus,
709 4523 834 4583 Studien
853 4545 893 4612 ι111
914 4524 968 4584 Ov.
991 4526 1111 4584 Metam.
1133 4545 1181 4600 pg.
1206 4525 1252 4596 10,
1264 4544 1287 4583 e.
1310 4531 1373 4584 not.
