2956 4958
711 376 751 436 66

299 560 448 646 luppiter
472 565 527 622 aut
552 559 583 621 in
608 578 684 620 avos
708 561 763 618 ant
787 575 820 616 so
845 553 1053 616 transformat
1076 554 1110 616 in
1133 576 1248 618 aurum

347 674 403 728 aut
426 672 513 727 secat
536 663 686 748 imposita
711 662 834 746 virgine
861 667 971 722 taurus
994 682 1110 744 aquas:

304 771 424 833 Protea
448 769 525 853 quid
550 770 699 849 referam,
724 766 944 846 'l'lrcbunaque
972 766 1096 828 semina
1121 765 1252 847 dentes3

348 875 402 959 qui
431 880 599 937 vomerent
622 873 767 934 tlammus
794 891 858 950 ore,
883 870 981 932 fuisse
1005 870 1115 951 boves,

304 981 382 1042 llere
407 979 498 1061 genis
522 979 641 1041 electra
666 984 746 1056 tuas,
772 975 894 1058 auriga,
920 995 1054 1056 sorores,

350 1104 498 1165 quaeque
524 1089 609 1146 rates
634 1081 763 1161 luerint,
788 1101 873 1142 nunc
898 1079 993 1142 maris
1018 1100 1088 1142 esso
1113 1079 1201 1161 deas,

306 1209 519 1272 aversumque
547 1187 633 1250 diem
663 1186 781 1248 mensis
806 1184 973 1259 furialibus
997 1184 1101 1266 Atrei,

350 1293 494 1375 duraque
521 1312 706 1379 percussam
730 1311 809 1353 saxa
835 1295 944 1352 secuta
968 1289 1111 1374 lyram?''

201 1509 309 1573 -llaoc
349 1510 466 1589 omnia,
506 1530 588 1590 quac
627 1508 857 1587 demonstrant,
894 1511 1014 1589 quanto
1043 1506 1077 1568 in
1101 1504 1218 1569 Ovidio
1243 1530 1295 1571 ars

174 1616 271 1678 fuerit
295 1636 449 1698 magnum
474 1615 641 1677 nominum
665 1633 835 1675 numerum
863 1619 959 1691 atquo
985 1632 1035 1674 ros
1059 1611 1296 1676 diversissimas

173 1742 237 1783 nno
263 1737 375 1783 tenore
394 1721 539 1783 versibus
557 1718 742 1781 includendi
762 1718 877 1780 leviter
896 1723 929 1779 et
948 1717 1089 1779 suaviter
1108 1718 1297 1801 fluentibus,

176 1828 208 1888 in
244 1825 376 1888 Metam.
414 1825 503 1887 libris
527 1830 714 1887 tractantur,
738 1823 791 1885 Ex
815 1821 963 1885 omnibus
986 1822 1054 1885 fere
1078 1822 1167 1886 libris
1190 1824 1299 1908 petita

176 1937 259 1992 sunt.
298 1928 369 2000 Qua
403 1949 446 1992 cx
477 1949 510 1991 re
535 1929 676 1991 efficitur
699 1928 816 1989 multas
840 1928 964 1990 tabulas
987 1927 1301 2013 Metamorphoseon

175 2036 238 2098 iam
274 2042 351 2096 tnnc
375 2054 447 2096 cum
470 2033 623 2118 scripturn
649 2038 697 2094 cst
720 2052 850 2094 carmen
872 2031 947 2095 Am.
971 2032 1034 2113 HI,
1061 2035 1112 2114 12,
1136 2034 1298 2118 composi·

175 2146 224 2202 tas
257 2138 365 2219 fuisse,
391 2137 536 2218 quamvis
561 2137 672 2222 procul
696 2136 832 2217 abesset,
857 2143 892 2198 ut
915 2143 1019 2200 totum
1044 2159 1123 2222 opus
1147 2138 1301 2201 omnibus

177 2243 319 2306 numeris
354 2248 439 2305 esset
475 2243 665 2306 absolutum.
701 2240 804 2303 Immo
840 2262 916 2303 vero
951 2263 1023 2305 cum
1047 2243 1218 2327 repentina
1242 2243 1302 2307 illa

176 2347 376 2432 relegatione
416 2354 513 2431 poeta
555 2345 768 2429 affligeretur,
806 2346 931 2427 „adhuc
966 2369 1111 2411 crescens
1147 2354 1180 2411 et
1214 2349 1300 2412 rude

177 2472 306 2516 carmen
329 2457 398 2514 erat
421 2452 444 2533 ).

221 2557 292 2621 Iam
321 2557 430 2620 multis
453 2555 552 2640 igitur
575 2555 666 2618 annis
686 2562 760 2619 ante
775 2557 909 2620 exilium
923 2563 1019 2642 poeta
1033 2578 1302 2642 operam-navare

178 2671 329 2751 coeperat
352 2664 468 2727 fabulis
493 2662 689 2744 enarrandis,
715 2663 931 2746 conserendis,
956 2664 1040 2726 inter
1063 2685 1097 2726 se
1116 2666 1302 2749 nectendis,

178 2777 253 2856 apta
277 2769 466 2832 transitione
491 2768 734 2853 coniungendis,
758 2768 860 2832 donec
884 2769 947 2831 iam
971 2776 1045 2831 ante
1070 2768 1205 2831 exilium
1229 2771 1303 2834 lon·

176 2896 251 2958 gam
284 2875 400 2937 seriem
433 2874 647 2936 mutationum
682 2896 754 2937 cnm
778 2874 848 2936 aliis
872 2873 1057 2936 intertextis
1081 2874 1197 2938 fabulis
1222 2876 1303 2940 inde

177 3001 196 3043 a
219 2977 381 3042 creatione
406 2976 518 3041 mundi
542 2998 641 3062 usque
667 2977 708 3041 ad
731 3000 788 3042 sua
808 2978 907 3063 ipsius
920 2986 1066 3064 tempora
1080 2979 1302 3064 perduxisset.

279 3193 296 3274 ξ
322 3196 351 3256 2.
399 3190 684 3273 alleturnorpboseon
702 3191 794 3273 ¹libris
818 3215 968 3253 stammam
990 3193 1123 3276 plotium
1145 3194 1204 3254 stoi

606 3319 724 3378 perure
746 3298 871 3357 strnlnit.

222 3510 288 3572 Per
319 3509 395 3572 satis
432 3509 566 3592 longum
599 3516 737 3594 tempus,
763 3509 848 3594 quod
872 3510 1102 3595 componendis
1124 3511 1188 3573 illis
1212 3512 1307 3577 libris

180 3613 303 3694 tribuit,
336 3632 370 3675 se
395 3611 560 3674 continere
585 3633 650 3675 non
674 3615 789 3698 potuit,
814 3615 984 3697 quominus
1008 3614 1060 3677 hic
1084 3616 1148 3678 illic
1172 3617 1208 3678 in
1231 3618 1307 3682 aliis

180 3716 373 3782 carminibus
406 3717 590 3779 enuntiaret
615 3739 693 3802 quas
717 3719 781 3780 iam
805 3718 930 3781 fabulas
955 3718 996 3780 ad
1021 3739 1075 3782 eos
1099 3720 1307 3804 pertinentes

180 3820 381 3886 confecisset.
415 3820 531 3901 ltaque
556 3821 620 3884 iam
645 3822 700 3885 diu
724 3829 897 3907 antequam
921 3823 1101 3907 perfectum
1126 3830 1195 3887 erat
1221 3846 1306 3909 opus

182 3928 302 3991 multae
339 3932 425 3987 certe
463 3931 571 4010 partes
607 3928 716 3989 amicis
747 3928 931 4013 populoque
955 3934 1051 3990 notae
1077 3935 1178 3992 erant.
1202 3929 1306 3993 Prae·

183 4044 273 4096 terea
307 4030 388 4093 haec
423 4032 528 4094 omnia
563 4032 747 4115 ostendunt,
780 4040 933 4116 quantam
956 4033 1090 4116 gloriam
1115 4056 1149 4097 se
1174 4057 1217 4098 ex
1236 4037 1308 4100 illlo

185 4159 283 4225 opere
308 4137 367 4199 sibi
393 4143 579 4220 paraturum
606 4159 675 4200 osse
699 4143 796 4222 poeta
821 4139 1069 4222 exspectaverit,

186 4338 329 4347 ——u——o-

225 4439 253 4512 1)
295 4438 387 4497 nist.
409 4439 434 4509 r,
460 4443 486 4510 r,
508 4441 555 4502 22.
