3298 5134
744 476 785 538 37

381 659 527 723 versibus
551 664 583 722 et
606 658 717 742 plaudi
740 657 860 738 scribis,
885 659 997 736 amice,
1019 657 1115 738 meis3

334 766 381 829 nil
404 764 554 849 equidem
578 763 639 828 leci
666 802 704 810 —
730 771 766 826 tu
788 763 849 826 sois
873 764 933 826 hoc
956 763 1025 848 ipse
1052 801 1089 807 —
1117 761 1261 840 theatris,

379 869 473 932 Musa
497 869 613 932 necin
637 869 767 954 plausus
791 869 961 931 ambitiosa
985 888 1057 931 mea
1081 873 1140 930 est.

334 971 410 1037 Non
444 980 553 1037 tamen
576 971 737 1056 ingratum
761 979 810 1036 est
830 973 1052 1058 quodcumque
1077 972 1195 1035 oblivia
1220 972 1320 1034 nostri

379 1077 516 1163 impedit
541 1084 573 1140 et
596 1076 724 1162 profugi
749 1097 866 1140 nomen
889 1077 923 1140 in
947 1099 1002 1141 ora
1026 1076 1155 1140 refert.”

242 1247 377 1311 Maioris
401 1255 511 1311 tamen
535 1253 583 1310 est
607 1249 772 1329 momenti,
797 1248 881 1332 quod
902 1247 1036 1312 Ovidius
1060 1249 1242 1328 multorum,
1268 1247 1320 1330 qui

192 1354 380 1418 litterarum
405 1359 497 1416 erant
520 1353 739 1432 amantissimi,
764 1353 903 1416 amicitia
927 1361 960 1416 et
983 1355 1133 1435 virorum,
1159 1353 1212 1438 qui
1234 1373 1320 1415 sum-

192 1481 270 1522 mos
293 1458 327 1520 in
351 1456 480 1521 civitate
504 1457 642 1520 honores
670 1459 837 1542 gerebant,
862 1458 972 1521 favore
995 1481 1071 1522 usus
1096 1466 1154 1522 est.

243 1564 381 1626 Praeter
416 1563 501 1626 enim
530 1570 653 1647 poetas,
678 1584 757 1647 quos
781 1562 898 1625 amicos
922 1570 955 1625 et
978 1564 1103 1627 sodales
1128 1564 1196 1627 eius
1222 1562 1320 1626 fuisse

192 1669 266 1732 iam
300 1689 397 1753 supra
434 1667 652 1752 cognovimus,
688 1668 741 1730 alii
780 1667 878 1730 etiam
902 1675 985 1750 sunt,
1010 1669 1064 1754 qui
1088 1692 1107 1732 a
1130 1675 1227 1753 poeta
1250 1669 1320 1753 ipso

192 1773 417 1837 nominantur.

245 1877 393 1942 Oelsus
428 1877 636 1942 amicissimus
671 1876 732 1939 fuit
766 1883 799 1939 et
831 1897 913 1938 unus
948 1898 1059 1941 eorum
1083 1899 1161 1963 quos
1185 1877 1319 1941 Ovidius

191 1983 323 2064 laudat,
347 1982 444 2046 Trist.
468 1983 497 2062 I,
520 1985 550 2063 5,
576 1984 617 2044 33
642 2003 707 2065 sq.:

337 2086 424 2167 ,Vix
448 2088 511 2151 duo
536 2094 642 2150 tresve
666 2085 746 2149 mihi
770 2086 810 2149 de
835 2093 882 2150 tot
905 2088 1080 2172 superestis
1104 2087 1213 2151 amici:

381 2199 488 2256 cetera
511 2193 684 2272 Fortunae,
709 2212 774 2255 non
797 2213 870 2256 mea
894 2192 988 2256 turba
1012 2191 1091 2256 fuit’'

243 2296 333 2360 Mors
357 2316 434 2382 ergo
459 2299 527 2361 eius
550 2297 641 2382 gravi
665 2295 817 2359 Ovidium
840 2297 948 2360 affecit
972 2297 1093 2378 dolore,
1118 2319 1160 2361 ex
1183 2298 1220 2362 P.
1234 2298 1261 2379 I,
1287 2301 1317 2363 9.

190 2400 249 2464 Ibi
275 2400 315 2464 de
340 2422 377 2465 eo
401 2402 488 2483 dicit,
511 2423 557 2464 vs.
585 2403 624 2463 15
649 2423 733 2486 sqq:

335 2503 471 2583 ,Adfuit
493 2504 548 2567 ille
574 2504 662 2586 mihi,
688 2527 758 2568 oum
782 2526 834 2568 me
858 2527 932 2591 pars
956 2529 1075 2591 magna
1099 2507 1237 2592 reliquit,

376 2608 531 2691 Maxime,
555 2609 703 2674 fortunae
727 2632 786 2674 neo
810 2611 870 2674 fuit
889 2612 959 2696 ipse
983 2632 1099 2675 comes.

333 2713 429 2776 Illum
453 2734 513 2798 ego
538 2736 603 2779 uon
626 2715 719 2779 aliter
742 2717 875 2779 flentem
898 2736 970 2778 mea
994 2715 1107 2778 funera
1130 2716 1207 2798 vidi,

377 2819 545 2903 ponendus
565 2841 660 2904 quam
684 2821 708 2883 si
734 2820 833 2884 frater
856 2821 891 2882 in
912 2821 987 2904 igne
1011 2820 1104 2885 foret.

333 2921 450 2986 Haesit
473 2923 507 2986 in
530 2926 684 3009 amplexu
708 2927 952 3010 consolatusque
976 2927 1137 2990 iacentem
1162 2934 1221 3008 est,

377 3047 511 3112 cumque
535 3029 615 3093 meis
638 3030 776 3093 lacrimis
799 3030 925 3094 miscuit
948 3053 1050 3117 usque
1075 3054 1158 3095 suas.

333 3128 360 3191 Ο
385 3132 533 3215 quotiens
556 3134 642 3197 vitae
667 3140 772 3198 custos
796 3135 916 3199 invisus
940 3158 1069 3200 amarae

376 3236 533 3300 continuit
555 3244 719 3323 promptas
742 3239 776 3301 in
799 3260 871 3302 mea
895 3240 961 3303 fata
984 3239 1136 3304 manus!’'
1161 3263 1227 3326 sqq.

239 3394 422 3487 Atticus,
446 3406 487 3470 ad
511 3428 606 3491 quem
629 3408 703 3471 Am.
728 3409 754 3490 I,
780 3412 810 3489 9,
835 3430 877 3472 ex
900 3410 937 3474 P.
962 3409 1006 3490 ΙΙ,
1032 3413 1051 3473 4
1076 3418 1109 3473 et
1134 3413 1151 3472 7
1177 3411 1313 3496 scripsit,

188 3511 461 3575 familiarissimus
485 3512 546 3576 fuit
570 3520 602 3576 et
625 3513 754 3595 sodalis,
778 3535 860 3577 unus
884 3536 926 3577 ex
949 3515 988 3577 iis
1013 3514 1068 3596 (ex
1092 3515 1129 3578 P.
1154 3515 1199 3596 II,
1215 3517 1314 3598 7,82,)

192 3637 354 3700 „quorum
377 3623 521 3701 spectata
545 3624 594 3680 est
617 3639 675 3703 per
698 3618 783 3681 mala
807 3625 915 3682 nostra
937 3617 1037 3681 fides'’

240 3742 285 3784 ex
307 3721 345 3784 P.
369 3722 458 3805 11,4,
485 3725 524 3785 13
548 3745 621 3808 sqq:

233 3881 236 3886 .
333 3826 457 3912 ,Saepe
478 3833 551 3891 tuas
571 3829 661 3891 venit
680 3828 800 3892 lactum
821 3828 915 3892 modo
934 3847 1065 3890 carmen
1084 3827 1126 3890 ad
1145 3848 1243 3892 aures

374 3938 406 3995 et
428 3952 512 3995 nova
534 3931 652 3996 iudicio
676 3933 803 3997 subdita
829 3932 920 3996 Musa
943 3939 998 3996 tuo
1023 3939 1081 3996 est.

329 4036 423 4110 Quod
445 4043 481 4100 tu
502 4037 663 4120 laudares,
687 4039 805 4124 populo
829 4037 987 4122 placuisse
1010 4037 1184 4123 putabam:

371 4143 431 4206 hoc
453 4142 594 4227 pretium
618 4164 711 4206 curae
736 4143 828 4207 dulce
852 4142 995 4228 regentis
1019 4150 1097 4207 erat.

329 4247 437 4332 thue
460 4269 552 4312 meus
574 4249 652 4312 lima
675 4270 764 4311 rasus
786 4249 868 4311 liber
892 4254 976 4311 esset
1000 4249 1104 4330 amici,

372 4374 437 4418 non
460 4354 561 4417 semel
584 4352 751 4417 admonitu
774 4353 858 4417 facta
881 4354 977 4417 litura
1001 4359 1057 4417 tuo
1082 4352 1161 4418 est''.

233 4523 398 4620 Brutus
436 4524 534 4588 etiam
557 4522 729 4590 fidissimus
753 4526 874 4592 amicus
898 4530 977 4606 erat,
1002 4545 1045 4590 ex
1067 4521 1106 4592 P·
1129 4521 1189 4606 IV,
1214 4527 1244 4606 6,
1270 4527 1311 4590 23
