3298 5134
742 505 783 581 39

335 706 386 770 oui
411 726 469 768 nos
493 711 526 768 et
548 705 706 786 lacrimas,
734 723 925 788 supremum»
948 703 981 764 in
1006 701 1118 764 funere
1144 721 1270 782 munus,

379 793 411 874 et
435 810 582 874 dedimus
607 809 712 872 medio
738 809 855 893 scripta
882 807 1026 870 canenda
1053 805 1153 869 foro'’.

245 949 644 1036 HuiusfiliusquoqueM.
668 949 870 1012 Valerius
902 947 1113 1012 Corvinus
1135 947 1321 1010 Messala

198 1059 254 1121 vel
277 1056 537 1120 Messalinus
563 1055 673 1139 aliqua
698 1062 856 1140 exparte
882 1053 998 1117 Ovidio
1026 1053 1173 1116 favebat:

197 1161 456 1246 exP.I,7,15sq.:
859 1155 1038 1240 ,cultorum
1061 1159 1156 1222 turba
1179 1165 1319 1237 tuorum,

421 1266 454 1327 in
479 1265 604 1348 quibus,
625 1273 662 1328 ut
685 1247 815 1350 populo,
840 1285 914 1349 pars
939 1285 999 1347 ego
1025 1284 1124 1347 parva
1150 1260 1227 1326 fuit

246 1392 288 1434 ex
311 1370 348 1433 P.
373 1369 418 1452 II,
443 1372 473 1451 2,
501 1371 628 1453 103sq.:
864 1441 868 1451 .

353 1474 616 1559 ,Ingenii'oerte,
637 1496 699 1559 quo
714 1495 772 1536 nos
791 1475 875 1536 male
895 1474 1052 1536 sensimus
1072 1493 1156 1553 usos,

419 1579 554 1642 Artibus
579 1580 734 1663 exceptis,
759 1600 856 1663 saepe
880 1579 1033 1662 probator
1057 1577 1157 1641 eras’'.

193 1684 402 1768 Quamquam
442 1683 576 1764 ,domus
612 1691 738 1746 vestrae
774 1684 884 1767 primis
920 1688 1090 1746 venerator
1125 1683 1165 1745 ab
1205 1681 1317 1746 annis’'

193 1789 304 1870 (exP.
319 1789 407 1870 II,2,
426 1790 468 1869 1),
492 1788 658 1852 familiaris
683 1795 768 1851 certe
792 1788 965 1852 Messalino
991 1787 1125 1878 Ovidius
1149 1809 1215 1852 non
1239 1794 1317 1852 erat.

243 1970 288 2033 Ar
311 1971 393 2034 alius
415 1970 574 2033 Messalae
593 1969 688 2051 filius,
708 1972 809 2034 multo
834 1972 938 2033 minor
961 1978 1050 2051 natu,
1075 1972 1129 2055 qui
1153 1971 1193 2034 ab
1218 1995 1316 2037 avun-

191 2076 270 2140 culo
314 2075 485 2160 adoptatus
515 2074 559 2137 M.
594 2075 808 2137 Aurelius
841 2074 969 2137 Cotta
1001 2074 1217 2140 Maximus
1252 2080 1318 2142 vel

189 2179 462 2243 Messalinus
508 2180 690 2266 appellatus
736 2186 794 2260 est,
842 2179 965 2242 sincera
1002 2179 1221 2246 familiaritate
1241 2182 1316 2246 Ovi-

188 2285 285 2348 dium
320 2285 380 2348 sibi
415 2287 610 2370 coniungere
645 2306 709 2348 non
733 2293 782 2347 est
805 2284 999 2368 dedignatus
1022 2285 1260 2372 amicitiamque
1286 2290 1315 2352 ei

187 2391 366 2475 praestitit.
390 2389 475 2452 Nam
500 2411 541 2452 ex
565 2390 602 2452 P.
627 2389 672 2469 II,
698 2392 727 2470 3,
752 2391 794 2452 29
819 2410 911 2473 sqq.:

333 2493 497 2578 ,Cumque
522 2494 575 2560 alii
599 2495 703 2557 nolint
722 2493 820 2556 ctiam
844 2515 896 2557 me
920 2515 1013 2557 nosse
1038 2495 1141 2558 videri

374 2601 429 2662 vix
453 2599 516 2662 duo
540 2600 683 2684 proiecto
707 2605 812 2662 tresve
837 2601 954 2662 tulistis
979 2622 1083 2684 opem.

331 2703 475 2776 Quorum
498 2712 534 2768 tu
556 2705 726 2789 princeps.
742 2753 748 2766 .
763 2752 791 2766 ..
818 2704 904 2788 sqq”.

189 2811 235 2872 61
332 2808 404 2888 ,Ira
428 2809 558 2893 quidem
582 2809 685 2893 primo
709 2809 815 2872 fuerat
837 2818 894 2872 tua
917 2810 1010 2890 iusta,
1035 2830 1095 2872 neo
1118 2811 1187 2896 ipso

374 2914 487 2996 lenior,
511 2914 652 2978 offensus
676 2915 729 2998 qui
754 2914 832 2976 mihi
854 2915 924 2977 iure
948 2914 1038 2978 fuit''.

191 3021 240 3082 65
333 3017 398 3097 ,Ut
421 3024 530 3082 tamen
553 3019 664 3082 audita
687 3026 735 3080 est
758 3024 886 3081 nostrae
910 3019 968 3081 tibi
993 3019 1091 3082 cladis
1115 3021 1203 3105 origo

374 3122 489 3186 diceris
513 3124 626 3186 erratis
650 3124 846 3206 ingemuisse
870 3125 961 3187 meis.

331 3226 414 3290 Tum
439 3235 494 3291 tua
518 3249 570 3291 me
593 3229 733 3313 primum
757 3229 852 3291 solari
875 3229 982 3292 littera
1007 3231 1112 3314 coepit
1156 3282 1157 3286 ,

376 3341 408 3397 et
430 3334 554 3396 laesum
578 3334 664 3396 flecti
687 3354 779 3419 spem
803 3333 879 3396 dare
903 3355 996 3417 posse
1021 3333 1149 3398 deum''.

191 3437 238 3501 of.
264 3436 361 3500 etiam
384 3437 429 3520 H,
455 3442 485 3520 3,
510 3441 551 3502 83
575 3460 642 3523 sqq.

244 3607 279 3671 O.
303 3607 567 3692 Pomponius
592 3607 835 3674 Graecinus
860 3612 992 3695 eiusque
1017 3610 1116 3674 frater
1139 3610 1176 3678 L.
1201 3610 1312 3673 Pom-

194 3713 357 3799 ponius
391 3713 576 3776 Flaccus
611 3715 695 3777 inter
719 3715 861 3779 fautores
885 3715 993 3779 Ovidii
1017 3716 1209 3779 numerandi
1232 3723 1316 3778 sunt.

334 3817 448 3898 ,Hanc
468 3818 682 3900 (anxietatem
695 3841 736 3882 so.
752 3821 864 3902 animi)
878 3821 939 3883 nisi
952 3827 987 3884 tu
1001 3822 1121 3906 pariter
1134 3805 1230 3883 simili
1244 3841 1317 3882 cum

1070 3925 1168 3988 fratre
1192 3927 1317 3988 levares

374 4029 429 4090 vix
453 4049 544 4092 mens
568 4028 717 4093 tristitiae
740 4037 850 4094 nostra
873 4031 1000 4093 tulisset
1023 4052 1113 4094 onus.

331 4134 397 4198 Vos
421 4137 497 4199 estis
516 4135 616 4198 fracto
641 4134 736 4198 tellus
760 4156 825 4197 non
848 4135 928 4198 duro
952 4136 1101 4220 phaselo;

376 4261 534 4324 quamque
559 4247 680 4323 nogent
703 4240 807 4321 multi,
832 4261 887 4302 vos
914 4237 991 4301 mihi
1014 4239 1104 4302 fertis
1128 4237 1253 4324 opem''.

245 4341 457 4428 Quamquam,
494 4344 682 4425 Graecinus,
717 4345 794 4408 licet
830 4345 927 4408 fuerit
962 4345 1080 4408 sodalis
1117 4353 1149 4408 et
1182 4344 1316 4408 fortasse

195 4448 255 4510 ille
272 4469 368 4532 quem
381 4459 478 4536 poeta
489 4450 564 4514 Am.
578 4451 623 4530 ΙΙ,
640 4453 679 4512 10
692 4450 874 4534 alloquitur,
888 4471 999 4514 severe
1011 4450 1051 4513 de
1065 4449 1172 4514 Ovidii
1185 4457 1316 4535 peccato

197 4551 336 4636 censuit,
361 4576 401 4618 ex
424 4555 462 4619 P.
486 4553 532 4637 Π,
557 4559 587 4636 6,
613 4557 631 4617 5
656 4577 718 4639 sq.:
