2956 4958
722 385 740 445 7

165 571 275 635 multis
308 569 506 652 argumentis
541 589 670 631 causam
699 590 794 653 quam
821 568 882 632 sibi
906 576 1087 653 sumpserat
1111 569 1287 633 defenden-

165 677 241 741 dam
287 675 430 738 stabilire
473 680 606 737 conatus
630 680 687 736 est.
734 674 850 757 Neque
887 675 990 736 solum
1027 673 1079 737 hio
1114 674 1287 738 Horatium

162 782 308 865 aliosque
342 786 456 864 poetas
478 779 623 859 Latinos,
646 779 820 863 praecipue
843 778 899 862 qui
921 777 1062 861 Augusti
1087 800 1166 843 aevo
1194 781 1284 843 vixe-

164 893 250 967 runt,
287 885 382 948 variis
418 883 646 948 additamentis
682 882 873 968 depravatos
909 903 989 963 esse,
1013 883 1070 946 sed
1095 884 1193 947 etiam
1218 906 1286 949 rem

162 991 321 1076 explicari
359 1009 453 1074 posse
479 988 539 1050 sibi
564 1009 753 1072 persuasum
789 989 911 1051 habuit.
937 986 1018 1050 (lum
1052 989 1138 1051 enim
1173 990 1282 1052 obser·

163 1097 306 1160 varisset
328 1115 428 1180 prope
453 1114 564 1157 omnes
587 1114 698 1157 versus
723 1093 920 1157 adulterinos
951 1093 1040 1156 nulla
1067 1093 1285 1180 discrepantia

163 1201 312 1264 codicum
346 1199 518 1282 significari
554 1205 586 1261 et
621 1217 748 1283 semper
782 1199 850 1260 fere
885 1198 971 1283 apud
1006 1207 1119 1283 poetas
1150 1199 1285 1264 Latinos

164 1306 300 1386 „innare
324 1303 476 1367 Griinde'’
500 1326 556 1367 cur
579 1314 837 1388 supponerentur
858 1303 970 1366 deesse
986 1343 1023 1350 —
1039 1306 1182 1388 quivero
1197 1307 1284 1391 apud

163 1418 278 1496 poetas
315 1408 456 1473 Graecos
491 1409 603 1472 adesse
641 1408 824 1471 dicerentur
851 1448 888 1455 —
915 1409 1182 1494 interpolationes
1206 1410 1284 1474 istas

163 1539 183 1579 a
207 1515 390 1601 bibliopolis
414 1515 571 1600 originem
595 1514 726 1595 habere,
741 1534 870 1598 eosque,
883 1519 919 1576 ut
933 1513 1078 1577 editones
1091 1538 1110 1579 a
1123 1537 1157 1578 se
1178 1516 1283 1580 factae

164 1642 270 1685 nouae
294 1621 467 1684 studiosius
490 1625 689 1704 peterentur,
713 1640 824 1682 versus
848 1618 1045 1685 adulterinos
1064 1620 1170 1684 aviris
1183 1621 1285 1686 doctis

164 1724 381 1790 conficiendos
406 1731 438 1787 ct
461 1724 648 1788 inserendos
672 1724 832 1787 curavisse
868 1726 1033 1789 contendit
1046 1725 1079 1808 ¹).
1110 1725 1286 1792 Praeterea

165 1832 301 1916 Gruppe
338 1851 372 1893 se
408 1837 554 1914 tempora
586 1829 719 1893 definire
743 1851 837 1914 posse
862 1831 973 1911 credit,
998 1833 1114 1916 quibus
1138 1834 1214 1897 istas
1238 1835 1285 1896 in·

164 1937 397 2022 terpolationes
426 1937 607 2019 suppositas
631 1936 818 1998 arbitratur:
848 1937 988 2020 primum
1011 1939 1133 2001 scilicet
1156 1941 1284 2003 saeculo

162 2049 237 2128 post
273 2040 346 2104 Ohr.
383 2063 412 2102 n.
449 2042 563 2125 primo,
592 2040 709 2103 deinde
734 2041 932 2125 temporibus
957 2042 1128 2125 Hadriani,
1152 2045 1284 2108 tertium

163 2170 238 2210 cum
273 2146 454 2209 Theodorio
490 2146 629 2231 Magnus
663 2153 815 2208 rexerat
840 2144 1032 2228 Gothorum,
1057 2149 1162 2232 priore
1187 2150 1286 2234 igitur

162 2259 256 2338 parte
293 2252 412 2315 saeculi
447 2253 531 2314 sexti
565 2251 599 2313 id
630 2251 751 2314 factum
776 2272 845 2314 esse
870 2252 982 2314 statuit
996 2252 1029 2333 ι1).
1056 2253 1136 2316 Inde
1161 2255 1200 2317 ab
1225 2254 1285 2318 hoc

162 2366 310 2441 tempore
346 2363 474 2420 textum
509 2364 654 2419 veterum
680 2363 845 2418 auctorum
871 2377 935 2418 non
959 2378 1156 2442 magnopere
1181 2366 1284 2423 muta·

161 2471 233 2525 tum
259 2482 329 2524 esse
354 2460 440 2524 dicit.

209 2566 274 2630 Sed
298 2567 337 2630 de
362 2587 400 2630 ea
423 2588 457 2629 re
482 2565 632 2628 universa
657 2565 734 2648 quid
758 2565 818 2627 viri
844 2565 931 2628 docti
955 2567 1139 2629 censuerint
1165 2576 1197 2631 et
1220 2589 1283 2652 quo

158 2672 268 2735 Marte
303 2672 386 2734 duae
422 2671 496 2734 illae
532 2671 626 2751 acies,
664 2691 747 2754 quae
787 2677 936 2755 tempore
961 2669 1143 2756 Gruppiani
1165 2671 1284 2737 Minois

159 2776 288 2840 infestis
336 2776 434 2860 signis
481 2796 630 2859 campum
674 2774 839 2856 tenebant,
863 2775 947 2837 inter
983 2797 1016 2838 se
1051 2777 1281 2862 pugnaverint,

158 2883 290 2966 longius
314 2879 464 2966 persequi
487 2879 569 2942 nihil
592 2879 721 2942 attinet.

242 3094 258 3175 ξ
284 3097 313 3156 3.
341 3090 402 3169 Qui
432 3094 464 3152 in
492 3091 618 3153 illatam.
644 3091 728 3150 libris
755 3092 863 3172 spirita
891 3092 1097 3154 r'mliratarutnt
1126 3094 1207 3155 brebi

550 3215 704 3285 corrspecta
726 3205 900 3265 castraneti.

206 3395 278 3458 Iam
302 3394 402 3457 multo
425 3395 498 3479 plus
521 3393 646 3457 duobus
670 3395 805 3457 saeculis
827 3400 999 3478 antequam
1011 3393 1283 3479 Peerlkampiana

159 3499 260 3563 editio
297 3499 415 3584 prodiit
450 3498 482 3561 id
517 3498 585 3560 fere
620 3498 725 3582 ipsum
762 3500 846 3582 quod
871 3499 1069 3584 Peerlkamp
1089 3500 1123 3562 in
1146 3499 1283 3564 Horatio

159 3606 248 3685 fecit,
284 3604 318 3666 in
352 3603 458 3666 Ovidii
483 3603 796 3686 Metamorphosesin
819 3604 940 3666 factum
965 3624 1035 3666 esse
1059 3604 1284 3668 invenimusa
1337 3650 1342 3663 .

157 3709 333 3773 nicolao
368 3708 561 3771 Heinsio.
599 3707 684 3770 Nam
707 3709 783 3770 licet
819 3715 893 3771 ante
919 3730 992 3772 eum
1017 3709 1147 3791 fuerint,
1171 3711 1225 3793 qui
1250 3710 1283 3773 in

157 3814 466 3898 Metamorphoseon
490 3813 578 3876 libris
603 3813 712 3897 spuria
736 3814 857 3876 inserta
882 3835 951 3876 esse
976 3814 1219 3896 contenderent,
1249 3823 1284 3879 ut

156 3921 317 4000 Muretusr,
340 3918 535 4002 Naugerius,
561 3918 723 3999 (bolanus,
748 3918 867 3981 Daniel
881 3919 1051 4000 Heinsius,
1064 3920 1160 3983 huius
1174 3927 1283 3983 tamen

156 4026 243 4088 filius
278 4023 432 4087 Nicolaus
467 4025 538 4104 fuit,
573 4023 628 4106 qui
657 4030 722 4085 tam
747 4023 831 4086 felici
856 4024 999 4108 ingenio,
1025 4030 1114 4087 tanta
1139 4023 1283 4088 doctrina

157 4137 192 4193 et
216 4130 451 4213 elegantiarum
474 4129 566 4191 latini
590 4129 746 4191 sermonis
769 4129 887 4214 peritia
911 4130 1085 4192 instructus
1109 4130 1282 4193 hancrati-

162 4309 309 4318 ...--.-—-

203 4374 230 4446 1)
275 4371 370 4428 Minos
391 4388 439 4444 pg.
464 4370 580 4427 loe-8

201 4453 231 4526 2)
274 4451 314 4508 ib.
336 4469 383 4526 pg.
406 4450 554 4507 sto-64.
