2956 4958
711 392 729 451 3

160 581 288 656 veteres
323 573 504 656 scriptores,
544 571 700 655 imprimis
735 571 880 653 Latinos,
907 592 986 656 quos
1009 593 1075 635 non
1098 573 1200 635 solum
1226 566 1284 636 ad-

160 679 268 742 mirati
304 679 360 742 sed
398 678 497 740 etiam
531 676 618 739 haud
652 678 721 741 sine
744 678 846 761 gloria
870 677 987 740 imitati
1012 684 1087 740 sunt
1114 679 1283 762 poematis,

158 785 237 848 satis
261 784 363 847 nitide
388 790 420 846 ct
445 791 580 845 venuste
605 785 799 868 compositis.
823 783 1033 847 Potissimum
1048 791 1157 846 autern
1176 782 1284 847 Ovidii
1397 799 1400 807 ’

159 889 311 952 colebant
333 889 457 973 poesin,
481 888 526 949 ita
550 894 586 950 ut
609 888 802 972 quicumque
828 889 969 952 carmina
993 887 1093 951 latina
1107 887 1284 952 scriberent

159 995 364 1079 plerumque,
398 992 430 1054 id
466 991 640 1076 quodiam
665 994 804 1076 antiquis
837 993 935 1055 fiebat
959 993 1168 1077 temporibus,
1192 993 1282 1056 illum

159 1105 328 1162 auctorem
359 1119 496 1183 poeseos
532 1097 651 1160 latinae
687 1114 908 1182 sequerentur.
947 1097 1033 1160 Nam
1068 1119 1133 1161 uon
1168 1099 1283 1179 solum,

160 1203 317 1288 quamdiu
353 1204 442 1265 stetit
476 1224 526 1264 res
549 1202 707 1284 Rorrrana,
732 1204 825 1266 multi
848 1210 965 1288 poetae
990 1203 1142 1266 Ovidium
1167 1203 1283 1286 magis-

160 1316 248 1371 trum
281 1308 474 1388 habuerunt,
499 1307 555 1370 sed
580 1309 677 1370 ctiam
702 1309 809 1372 medio
833 1330 913 1372 aevo
937 1316 1066 1393 praetor
1089 1307 1281 1392 Vergilium,

160 1412 387 1493 Prudentium,
425 1412 609 1493 Horatium,
645 1413 813 1476 Lucanum
849 1414 957 1476 Ovidii
991 1414 1064 1476 libri
1100 1414 1133 1475 in
1167 1413 1283 1476 scholis

159 1518 391 1581 coenobiorum
433 1518 543 1581 sedulo
578 1520 815 1583 lectitabantur.
852 1521 902 1583 Ne
938 1521 971 1583 in
1008 1521 1118 1604 magni
1153 1519 1295 1604 quidem·

159 1623 247 1685 illius
278 1621 468 1703 Florentini,
487 1622 607 1686 Dantci
630 1623 802 1708 Alighicri,
827 1625 1031 1707 bibliotheca,
1056 1646 1139 1709 quae
1163 1645 1282 1709 paucos

159 1734 289 1790 tantum
329 1727 426 1789 libros
470 1733 596 1790 veteres
631 1729 826 1810 continebat,
863 1730 970 1793 Ovidii
1005 1729 1298 1814 Metamorphoses¹

159 1833 303 1896 defuisse
328 1831 486 1894 dicuntur.
511 1833 619 1896 Etiam
642 1843 715 1919 post
739 1844 866 1899 renatas
890 1837 1013 1901 litteras
1032 1835 1091 1898 viri
1103 1835 1149 1897 illi
1162 1836 1282 1919 magni,

159 1939 218 2022 qui
253 1944 327 2000 ante
360 1937 530 2001 Nicolaum
560 1938 733 2004 Heinsium
758 1943 919 2023 vixerunt,
943 1941 1046 2004 Iulius
1069 1946 1102 2004 et
1124 1940 1283 2025 Iosephus

160 2043 329 2128 Scaligeri,
355 2041 519 2106 Gerendus
543 2044 705 2108 Iohannes
729 2046 874 2127 Vossius,
898 2045 1024 2109 Nicolai
1048 2052 1140 2130 pater
1163 2045 1281 2108 Daniel

159 2149 319 2212 Heinsius
333 2148 354 2228 ¹)
390 2149 523 2211 summis
551 2135 618 2212 fere
642 2150 792 2214 laudibus
817 2150 924 2214 Ovidii
947 2151 1060 2234 poesin
1084 2149 1281 2212 extulerunt.

161 2255 244 2317 Eius
264 2274 372 2316 amore
386 2252 548 2316 interdum
561 2275 663 2337 usquo
679 2276 716 2318 00
729 2263 963 2340 processerunt,
977 2262 1013 2318 ut
1024 2254 1127 2318 lulius
1139 2255 1283 2339 Scaliger

162 2360 380 2422 exclamaret:
407 2358 498 2440 ,quis
522 2358 561 2420 de
586 2358 700 2423 Ovidio
715 2362 792 2423 satis
805 2362 902 2445 digne
916 2362 1022 2424 dicere
1037 2361 1148 2446 possit,
1161 2359 1280 2423 nedum

160 2472 198 2528 ut
223 2463 341 2526 audeat
370 2483 445 2525 eum
470 2464 728 2547 reprehendere''
755 2473 786 2529 et
810 2466 968 2551 Iosephus
992 2466 1136 2549 Scaliger
1149 2471 1280 2527 conten·

160 2570 266 2650 deret,
290 2567 405 2630 Ovidio
431 2569 507 2630 olim
531 2576 596 2631 tam
621 2570 700 2633 falso
725 2593 820 2655 quam
846 2572 1005 2634 immerito
1023 2571 1184 2633 obiectum
1201 2589 1280 2649 esse,

161 2674 250 2760 quod
285 2694 350 2736 non
384 2679 493 2756 posset
524 2695 653 2737 manum
689 2677 802 2739 tollere
838 2675 878 2738 de
915 2675 1025 2738 tabula
1050 2681 1082 2736 et
1105 2694 1279 2756 numquam

159 2780 311 2842 desinere
335 2776 440 2840 sciret.

208 2883 257 2946 Ea
285 2885 355 2946 laus
378 2904 455 2947 sane
479 2883 566 2947 haud
590 2885 719 2969 exigua.
745 2885 809 2948 Sed
833 2884 1012 2948 audiendus
1023 2884 1120 2946 etiam
1132 2882 1283 2946 Vossius:

161 2988 219 3069 ,Si
243 3009 305 3071 quo
341 2995 454 3072 peccat
478 2987 612 3077 Ovidius
636 2990 668 3052 in
693 3010 730 3052 eo
754 2997 876 3075 peccat,
901 2989 986 3073 quod
1010 3010 1201 3073 magnorum
1224 2988 1283 3051 flu·

159 3093 288 3156 minum
311 3093 412 3156 instar
435 3092 598 3156 interdum
622 3094 791 3158 redundet.
817 3095 910 3167 Quod
935 3095 961 3157 si
984 3095 1017 3156 in
1042 3115 1079 3157 eo
1095 3094 1209 3157 vitium
1223 3099 1281 3173 est,

158 3205 211 3261 tot
235 3198 299 3261 suis
323 3197 495 3260 virtutibus
519 3197 599 3260 illud
623 3199 840 3283 compensat’'.

208 3302 274 3365 Hic
308 3322 384 3386 ergo
420 3301 566 3364 concedit
601 3305 725 3385 saltem,
762 3304 832 3367 fieri
868 3305 1011 3389 potuisse
1053 3309 1090 3365 ut
1133 3308 1283 3386 peccaret

162 3406 318 3488 Ovidius3
343 3413 378 3469 at
400 3406 481 3468 nihil
504 3406 572 3469 fere
595 3408 665 3470 vitii
689 3410 721 3470 in
744 3409 805 3472 hoc
824 3416 920 3494 poeta
943 3409 1041 3472 fuisse
1065 3407 1187 3488 credas,
1209 3429 1282 3470 cum

161 3512 257 3596 legis,
298 3511 383 3595 quod
419 3511 502 3573 dixit
532 3511 650 3575 Daniel
673 3513 847 3578 Heinsius:
875 3513 1015 3594 ,Omnes
1040 3512 1283 3576 0111110011οῃ-

160 3616 298 3680 scandit.
342 3615 417 3678 Sive
459 3615 539 3678 falsa
574 3618 793 3701 probabiliter,
832 3620 899 3682 sive
935 3620 1069 3682 obscura
1103 3617 1283 3702 perspicue,

160 3723 232 3785 sive
264 3726 404 3804 utraque
438 3727 561 3802 ornate,
597 3723 670 3803 sive,
702 3725 809 3787 omnia
848 3724 1036 3809 simpliciter
1081 3723 1144 3785 sint
1185 3742 1284 3805 expo·

158 3826 270 3890 nenda
299 3874 473 3888 ......
510 3827 613 3910 quue
638 3827 743 3892 verbis
768 3836 800 3891 et
835 3830 980 3892 oratione
1018 3828 1153 3912 vulgari.
1185 3827 1227 3889 Ut
1251 3833 1283 3889 et

158 3932 250 3996 dicat
286 3950 368 4014 quae
405 3932 483 3993 velit
519 3940 551 3994 et
587 3932 702 3996 doceat
736 3956 818 4017 quae
849 3935 983 4020 quisque
1007 3933 1177 4017 intelligat.
1202 3932 1283 3995 Tam

160 4129 313 4137 ...-

204 4266 231 4339 l)
275 4263 373 4322 Iulius
395 4263 527 4340 Scaliger
552 4265 758 4337 1484-1558,
780 4268 921 4343 Iosephus
931 4267 1062 4344 Scaliger
1076 4263 1284 4325 roro-1609,

243 4359 394 4418 Gerardus
430 4358 579 4418 Johonnes
616 4362 735 4422 Vossius
768 4364 983 4433 roal-1649„
1008 4361 1115 4419 Daniel
1148 4359 1297 4418 Heinsius·

245 4454 454 4525 1580-1655,
475 4455 618 4516 Nicolaus
639 4459 776 4519 Heinsius
799 4459 1005 4518 1620-1681.
