2956 4958
86 98 233 184 legendis
279 98 498 180 faciendisque
535 104 632 179 atque
663 96 834 162 audiendis
858 95 962 180 poetis
985 95 1127 157 carmina
1151 116 1208 159 sua

90 204 309 268 recitantibus.

100 308 215 371 ‘Nam
249 313 420 393 postquam
456 305 490 370 Ο.
523 306 656 371 Asinius
682 308 786 371 Pollio
812 306 867 387 (75
894 327 922 368 a.
952 343 989 349 —
1018 307 1036 367 6
1062 326 1093 389 p.
1119 302 1207 385 Chr.)
1278 317 1281 324 '

91 413 230 497 ,primus
267 413 411 475 omnium
446 411 668 476 Romanorum
692 412 855 475 advocatis
881 409 1064 473 hominibus
1090 410 1208 494 scripta

88 533 139 581 sua
174 514 380 598 recitavit,'’¹)
418 538 615 602 magnopere
651 517 776 580 Romae
809 517 842 578 in
877 515 999 578 honore
1035 535 1105 577 esse
1132 515 1207 578 illae

89 623 290 686 recitationes
327 628 513 706 coeperunt,
551 623 666 703 quibus
704 643 769 685 non
802 621 905 683 solum
942 620 1001 681 viri
1036 619 1122 683 docti
1149 619 1204 683 ad-

87 724 215 791 fuerunt
247 725 305 790 sed
341 726 439 789 etiam
474 727 534 788 viri
572 727 732 811 principes
757 724 1047 805 civitatis,'quibus
1070 724 1203 810 negotia

80 831 214 914 publica
249 851 345 894 curae
381 837 482 894 erant.
523 831 692 914 Augustus
717 832 804 894 enim
828 831 907 915 ipse,
933 836 1016 893 teste
1041 829 1208 911 Suetonio,

77 937 281 1014 „recitantes
305 942 338 999 et
360 936 501 1020 benigne
515 942 548 999 et
559 937 722 1021 patienter
735 936 838 1000 audiit
851 956 911 998 nec
924 941 1051 998 tantum
1067 935 1209 998 carmina

71 1049 113 1104 et
137 1041 291 1104 historias
315 1042 429 1105 sedet
453 1042 613 1104 orationes
638 1049 670 1104 et
694 1040 870 1126 dialogos.”
885 1041 908 1121 ²)
933 1039 1101 1120 Frequens
1121 1046 1208 1103 certe

62 1143 132 1209 his
156 1146 281 1229 ingenii
306 1145 590 1210 exercitationibus
615 1145 749 1210 Ovidius
772 1146 934 1226 interfuit,
958 1145 1018 1208 hac
1040 1136 1207 1208 Musarum

55 1251 246 1331 palaestra
269 1251 492 1314 lubentissime
516 1271 651 1336 poeseos
673 1251 779 1315 studio
795 1249 962 1314 inservivit
974 1251 1206 1335 ingeniumque

55 1355 229 1418 excoluit
253 1361 286 1417 et
308 1356 492 1442 perpolivit.

127 1459 226 1522 Trist.
254 1458 312 1540 IV,
341 1462 391 1540 10,
416 1463 455 1522 41
482 1479 528 1541 sq.

221 1564 410 1652 „Temporis
433 1563 520 1628 illius
544 1567 627 1655 colui
650 1566 778 1650 fovique
802 1575 924 1652 poetas,

272 1675 414 1750 quotque
438 1669 573 1733 aderant
599 1677 699 1751 vates,
726 1672 819 1735 rebar
843 1671 955 1736 adesse
977 1672 1085 1737 deos.’'

125 1773 224 1837 Multi
258 1789 366 1837 autem
390 1780 506 1859 poetae
530 1776 584 1838 illo
609 1782 754 1860 tempore
778 1777 902 1840 Romae
933 1784 1035 1858 erant,
1060 1777 1203 1861 quinon

52 1881 186 1942 solum
212 1879 322 1942 favore
347 1886 379 1941 et
402 1879 627 1943 adhortatione
651 1881 792 1944 virorum
817 1882 994 1945 incivitate
1010 1902 1202 1966 magnorum

53 1990 117 2045 ut
155 1983 308 2066 Augusti,
339 1983 547 2066 Maecenatis,
571 1983 677 2047 Asinii
699 1985 865 2067 Pollionis,
890 1986 1014 2050 Valerii
1031 1987 1202 2067 Messalae,

55 2083 274 2151 fruebantur
297 2087 354 2150 sed
380 2089 477 2151 etiam
501 2088 718 2152 familiaritate
743 2097 775 2152 et
798 2090 950 2154 sodalicio
974 2091 1114 2171 quodam
1129 2109 1203 2152 con·

57 2189 185 2256 iuncti
221 2198 313 2255 erant
345 2199 378 2254 et
412 2194 553 2257 carmina
588 2215 646 2256 sua
669 2215 753 2257 nova
777 2195 860 2257 inter
884 2215 917 2257 se
940 2195 1104 2278 legebant,
1129 2214 1202 2257 cen-

60 2298 209 2380 sebant,
234 2297 447 2381 corrigebant.

128 2401 319 2486 Complures
354 2423 465 2465 eorum
489 2401 603 2466 Ovidio
628 2410 684 2466 aut
707 2402 867 2466 audiendo
893 2409 925 2466 et
947 2403 1087 2466 videndo
1111 2409 1204 2467 notos

63 2506 183 2571 fuisse
214 2514 311 2588 atque
342 2508 382 2570 ab
407 2528 445 2570 eo
469 2508 571 2570 cultos
595 2529 674 2589 esse,
699 2514 755 2571 aut
778 2529 851 2571 cum
875 2529 913 2572 eo
937 2508 1205 2576 consuetudinem

65 2612 272 2676 sodalicium
308 2617 340 2675 et
376 2611 567 2674 familiarem
602 2612 764 2693 habuisse,
800 2633 842 2675 ex
879 2614 947 2677 eius
978 2614 1103 2700 scriptis
1128 2615 1204 2678 satis

64 2723 229 2802 apparet.

131 2822 268 2886 Maiores
292 2827 401 2884 autem
427 2827 516 2902 natu,
540 2842 619 2902 quos
645 2822 744 2885 coluit
756 2824 852 2903 atque
866 2823 1041 2887 admiratus
1057 2832 1115 2905 cst,
1129 2832 1204 2888 sunt

72 2924 254 2991 Cornelius
288 2925 411 3007 Gallus,
446 2924 621 3009 Vergilius,
654 2927 812 3009 Tibullus,
845 2927 1013 3009 Horatius,
1042 2927 1202 2992 Aemilius

71 3028 204 3096 Macer.
671 3057 672 3060 ’

133 3187 391 3250 Cornelium
417 3184 603 3267 Gallum,
634 3187 689 3266 qui
713 3207 796 3249 anno
821 3189 861 3248 26
887 3207 915 3250 a.
940 3184 1203 3272 Obnpropriase

74 3307 184 3354 manu
204 3290 376 3370 interfecit,
400 3310 466 3352 non
489 3296 624 3353 noverat
643 3290 787 3353 fortasse.
819 3289 958 3353 Decius
982 3296 1092 3354 tamen
1115 3291 1204 3355 dam-

70 3395 216 3458 natione
241 3401 273 3458 et
296 3401 398 3457 morte
424 3399 511 3456 certe
535 3395 622 3457 haud
645 3414 750 3479 pauca
762 3394 947 3476 audiverat3
962 3416 1037 3458 nam
1052 3397 1087 3459 in
1100 3398 1204 3481 elegia

73 3492 119 3557 1'11
149 3507 282 3564 mortem
307 3498 427 3562 Tibulli
451 3498 546 3580 facta,
571 3499 663 3562 dicit:
690 3498 764 3561 Am.
803 3499 865 3581 HI,
898 3503 928 3580 9,

501 3603 561 3683 ,In
583 3603 694 3689 Elysia
718 3604 802 3666 valle
826 3603 974 3666 Tibullus
998 3604 1068 3666 erit.

265 3708 387 3771 Obvius
410 3707 486 3770 huic
509 3708 621 3771 venias
668 3755 952 3771 ......

76 3829 238 3848 x*—

126 3891 159 3965 l)
199 3896 317 3965 Seneca,
339 3894 440 3952 Contr.
462 3893 505 3949 IV
525 3893 615 3969 praef.
639 3896 665 3952 2.

123 3969 156 4046 2)
199 3977 280 4038 Suet.
301 3977 380 4053 Aug.
404 3974 452 4036 89.
