2956 4958
719 382 760 448 96

196 567 259 630 277
306 566 493 651 corporibus
516 568 634 652 gelidis
659 567 814 632 incumbit
838 572 870 630 et
894 566 1008 630 ordine
1032 567 1121 631 nullo

308 671 417 734 oscula
441 669 607 758 dispensat
631 680 723 737 natos
747 692 898 758 suprema
921 693 980 757 per
1004 692 1125 735 omnes.

307 772 339 837 A
363 775 479 859 quibus
503 777 544 841 ad
569 779 693 843 caelum
717 777 851 842 liventia
876 776 1026 841 bracchia
1050 777 1166 840 tollens

199 882 264 944 280
314 901 467 965 pascere,
487 883 637 965 crudelis,
663 889 783 964 nostro,
807 883 944 963 Latona,
969 881 1090 963 dolore,

306 986 449 1071 pascere'
473 989 527 1070 ait,
552 989 707 1074 ,satisque
732 1009 803 1051 meo
827 993 883 1050 tua
906 992 1038 1073 pectora
1057 986 1158 1066 luctu,

307 1112 423 1176 corque
447 1095 553 1157 lerum
576 1093 666 1158 satia'
691 1093 791 1157 dixit:
817 1114 885 1179 ,per
908 1092 1023 1155 funera
1046 1097 1173 1175 septem

308 1195 433 1261 efferor.
457 1197 578 1262 Exulta
601 1199 791 1283 victrixque,
816 1194 1162 1283 inimica,triumphal
1201 1215 1269 1277 sqq.

218 1331 270 1396 ra
305 1332 373 1397 fere
408 1356 519 1399 omnes
555 1335 691 1417 codices,
726 1336 786 1399 nisi
811 1335 896 1420 quod
919 1335 953 1398 in
976 1355 1039 1397 uno
1064 1333 1208 1396 alterove
1234 1351 1295 1414 pro

173 1436 273 1518 ,satia’
296 1439 415 1524 legitur
439 1440 577 1523 ,satura,'
604 1449 637 1505 et
661 1442 695 1504 in
718 1462 782 1504 uno
806 1462 851 1503 vs.
878 1443 941 1503 282
963 1440 1098 1502 omissus
1114 1442 1172 1500 est.
1189 1434 1296 1497 Hein-

174 1541 249 1624 sius,
287 1545 361 1627 quia
384 1543 486 1627 ,dixit'
522 1547 659 1610 otiosum
683 1552 775 1630 putat
805 1567 876 1609 cum
901 1544 964 1627 ,ait'
988 1545 1051 1608 iam
1075 1539 1298 1628 praecesserit,

173 1667 220 1709 vs.
256 1649 319 1711 212
355 1650 498 1733 spurium
534 1658 653 1732 censet,
697 1672 814 1735 ,quem
846 1650 1017 1713 commenti
1041 1654 1125 1729 sunt,
1149 1645 1203 1731 qui
1228 1665 1299 1707 non

173 1753 399 1838 intelligebant
444 1763 600 1841 quantum
648 1762 732 1819 esset
776 1754 930 1818 acuminis
966 1755 1001 1816 in
1035 1754 1089 1816 illo
1127 1746 1297 1834 ,efferor'.”

168 1859 219 1925 ‚At
241 1859 302 1923 hoc
325 1867 522 1945 postremum
545 1860 701 1925 Heinsius
724 1882 789 1924 non
812 1859 894 1923 serio
915 1859 1035 1922 dixisse
1054 1857 1199 1928 videtur3
1219 1876 1296 1917 nam

173 1965 315 2046 dubitat3
350 1964 459 2045 itaque
495 1965 598 2029 addit:
626 1967 706 2046 ,nisi
731 1967 831 2028 mavis
856 1964 1106 2049 praecedentem
1132 1961 1209 2043 (281
1238 1961 1295 2041 sc.)

173 2070 251 2134 tolli.
286 2069 453 2133 Alteruter
485 2077 533 2134 est
557 2071 765 2134 amovendus.
789 2069 874 2133 Nam
898 2069 1021 2154 primus
1045 2068 1213 2131 Palatinus
1238 2086 1296 2149 pro

173 2175 343 2260 posteriori
366 2174 452 2238 hunc
475 2175 701 2256 substituebat,

308 2331 384 2395 dum
407 2354 481 2416 pars
504 2339 612 2396 nostra
637 2331 728 2412 iacet,
753 2337 785 2394 et
808 2331 884 2394 dum
908 2353 966 2415 por
989 2331 1103 2393 funcra
1126 2335 1263 2412 septem,

175 2483 228 2568 qui
252 2484 285 2547 in
309 2484 455 2570 plurimis
479 2486 672 2548 membranis
697 2483 855 2548 exstat.’'‚

217 2588 245 2650 E
265 2590 380 2671 quibus
402 2590 553 2672 efficitur,
572 2591 745 2654 Heinsium
757 2591 929 2677 praecipue
946 2588 1136 2651 arrctor·itate
1150 2586 1295 2649 codicum

173 2692 256 2756 duci.
291 2694 428 2759 Plurimi
465 2695 600 2776 codices,
636 2695 720 2780 quod
756 2696 820 2780 iam
855 2694 1011 2757 Heinsius
1036 2693 1170 2773 monuit,
1195 2693 1294 2755 etiarn

173 2797 270 2860 alium
305 2820 435 2863 versum
471 2806 690 2880 servaverunt,
727 2800 780 2883 qui
816 2806 935 2880 tamen,
971 2798 1112 2861 editione
1146 2797 1293 2882 principe

173 2911 320 2987 excepta,
358 2904 398 2966 ab
434 2905 580 2967 omnibus
617 2904 793 2968 editoribus
829 2904 1031 2967 oblitteratas
1062 2910 1119 2966 est.
1155 2902 1292 2965 Plurimi

174 3008 272 3092 igitur
296 3007 389 3071 codd.
413 3008 593 3073 hebebant:

196 3156 260 3220 280
306 3178 449 3242 pascere,
474 3157 621 3238 crudelis,
646 3164 765 3240 nostro,
790 3159 926 3239 Latona,
950 3158 1060 3220 dolore

306 3282 449 3348 pascere,
474 3263 528 3345 ait,
553 3263 698 3348 satiaque
723 3285 794 3327 meo
819 3270 874 3327 tua
898 3272 1029 3348 pectora
1051 3264 1150 3339 luctu,

306 3388 423 3452 corque
448 3369 552 3431 ferum
576 3369 667 3449 satia,
692 3368 785 3449 dixit,
810 3390 868 3453 per
891 3369 1005 3432 funera
1029 3374 1153 3452 septem

308 3470 384 3535 dum
408 3493 481 3556 pars
505 3479 613 3535 nostra
636 3473 719 3536 iacet
743 3479 775 3535 et
798 3473 874 3535 dum
898 3494 956 3557 per
979 3473 1093 3535 funera
1117 3479 1240 3556 septem

308 3576 435 3657 efferor,
460 3577 570 3639 exulta
592 3578 772 3662 victrixque
796 3577 925 3640 inimica
948 3576 1127 3661 triumpha!

215 3717 324 3781 Facile
349 3722 398 3779 est
420 3716 598 3798 intellectu,
623 3724 655 3780 et
678 3718 825 3780 librarios
853 3723 885 3779 ct
911 3716 1049 3780 editores
1065 3717 1292 3781 huncversum

174 3820 261 3903 ,dum
292 3842 366 3906 pars
389 3827 498 3901 nostra
521 3821 604 3885 iacet
628 3828 659 3885 et
684 3821 760 3884 dum
784 3842 842 3905 per
865 3822 979 3884 lunera
1003 3821 1136 3906 septem'
1160 3828 1293 3907 propter

174 3926 235 3989 tria
266 3927 380 3990 ultima
409 3928 509 3990 verba
541 3928 694 3991 omisisse.
726 3926 800 4006 Sed,
825 3927 869 3989 ita
901 3926 1079 4010 rogandum
1103 3933 1161 4007 est,
1186 3947 1293 3990 nonne

175 4032 305 4116 egregie
330 4033 514 4095 enuntiatus
539 4038 597 4113 est,
621 4053 728 4096 nonne
749 4032 879 4116 egregie
891 4031 1001 4093 matris
1014 4033 1156 4094 animum
1170 4038 1292 4095 motum

175 4142 208 4198 et
231 4143 470 4199 consternatum
494 4137 664 4222 depingit?
689 4136 844 4208 Quamvis
868 4136 1109 4199 concedendum
1122 4138 1173 4217 sit,
1193 4137 1292 4199 verbo

175 4240 322 4323 ,efferor·',
342 4242 386 4303 sie
421 4242 506 4306 nudo
542 4244 656 4327 posito,
693 4242 812 4325 aliquid
848 4243 1003 4314 acurninis
1038 4242 1154 4322 inesse,
1184 4250 1293 4305 tamen

176 4345 308 4408 minimo
333 4345 531 4410 reiciendum
556 4354 621 4410 cst:
647 4368 713 4431 ,per
737 4347 849 4409 funera
874 4353 998 4431 septem
1023 4347 1157 4410 efferor'.

220 4450 310 4512 Inter
342 4470 463 4531 omnes,
497 4453 619 4535 opinor,
651 4451 799 4516 convenit
823 4450 880 4513 hos
905 4452 1044 4538 quinque
1069 4474 1189 4535 vorsus,
1215 4457 1293 4537 quos
