2956 4958
720 350 761 410 82

176 541 359 605 breviorem
410 534 628 598 narrationem
662 533 833 616 retineret3
869 534 902 597 in
935 533 1024 598 libris
1060 531 1179 598 deinde
1215 534 1299 600 duae

178 646 378 710 narrationes
401 641 486 704 inter
510 661 544 703 se
569 639 691 703 mixtae
716 647 800 704 sunt.

223 750 322 815 Haud
360 747 493 812 dubium
525 744 604 807 mihi
628 744 766 828 videtur,
792 745 868 829 quin
891 744 946 809 ille
970 765 1038 807 rem
1062 767 1122 809 acu
1146 745 1302 830 tetigerit.

179 856 264 929 Quid
300 854 409 918 enim?
445 850 589 931 Ovidius,
625 856 662 912 ut
697 872 793 936 supra
817 850 968 931 vidimus,
994 850 1303 936 Metamorphoseon

177 960 379 1024 narrationes
415 956 576 1020 adfinem
599 956 812 1041 perduxerat;
838 957 940 1020 multa
964 977 1041 1020 sane
1064 957 1130 1020 iarn
1155 963 1302 1022 mutave·

177 1072 227 1129 rat
244 1072 276 1127 ct
297 1061 541 1133 emendaverat;
563 1080 648 1124 nunc
668 1061 700 1124 in
720 1082 758 1125 eo
779 1067 858 1143 erat,
877 1068 914 1124 ut
931 1062 1078 1125 ultimam
1098 1083 1232 1125 manum
1247 1062 1303 1126 ad-

176 1171 313 1250 hiberet,
348 1175 385 1232 ut
419 1167 471 1229 hic
506 1165 571 1229 illic
606 1165 726 1249 aliquid
764 1165 898 1229 adderet
932 1174 964 1230 et
1001 1166 1224 1252 amplificaret,
1248 1169 1301 1231 vel

175 1276 321 1339 demeret
345 1279 378 1336 et
402 1272 623 1353 contraheret;
646 1277 683 1334 ut
708 1277 891 1356 ,premeret
912 1272 1080 1354 tumentia,
1093 1272 1232 1337 humilia
1245 1294 1303 1337 ex·

176 1381 314 1460 tolleret,
337 1376 536 1440 luxuriantia
556 1375 780 1460 adstringeret,
800 1376 982 1440 inordinata
1002 1376 1175 1461 digereret,
1196 1379 1301 1443 soluta

175 1489 394 1571 componeret,
419 1481 599 1545 exultantia
623 1480 815 1545 coerceret.’'
841 1481 893 1562 (cf.
919 1481 1028 1554 Quint.
1054 1482 1087 1544 in
1110 1504 1166 1568 pg.
1193 1484 1249 1566 79)
1262 1483 1302 1547 Id

176 1611 276 1676 agens
299 1594 408 1652 nostro
432 1588 502 1650 loco
526 1587 661 1650 fortasse
686 1587 731 1650 sic
755 1586 822 1650 fero
846 1586 971 1651 invenit
993 1588 1164 1673 scriptum:

264 1711 400 1796 Excepi,
424 1716 621 1795 nantemque
646 1709 753 1773 terens
778 1731 817 1791 ,o
840 1712 990 1796 proxima
1013 1713 1127 1777 mundi

265 1838 364 1901 regna
388 1814 512 1900 vagae”
536 1814 606 1878 dixi
631 1816 763 1896 ,sortite
788 1815 985 1881 Tridentiter
1007 1817 1126 1902 undae,

264 1923 384 2007 inquo
409 1919 597 2001 desinimus,
622 1942 684 2005 quo
709 1922 790 1984 sacri
814 1922 970 1985 currimus
994 1943 1116 2005 amnes,

266 2027 329 2090 huc
354 2024 442 2107 ades,
467 2031 564 2109 atque
589 2024 664 2088 audi
687 2025 844 2111 placidus,
867 2025 1032 2113 Neptune,
1055 2032 1257 2112 precantem.

264 2131 352 2195 Huic
377 2151 436 2215 ego
462 2151 558 2215 quam
580 2136 673 2215 porto
697 2131 801 2195 nocui.
827 2131 860 2195 Si
884 2132 971 2196 mitis
995 2138 1028 2196 et
1051 2153 1174 2215 aequus

266 2238 292 2300 si
315 2243 408 2321 pater
431 2233 668 2320 Hippodamas,
693 2243 749 2300 aut
772 2236 798 2299 si
821 2237 927 2301 minus
950 2238 1067 2324 impius
1092 2243 1188 2320 esset,

263 2341 375 2405 debuit
398 2340 484 2403 illius
508 2340 663 2424 misereri,
686 2342 854 2427 ignoscere
877 2343 979 2407 nobis.

264 2445 324 2511 Oui
347 2445 510 2532 quondam
535 2447 630 2510 tellus
654 2448 762 2512 clausa
786 2454 835 2512 est
858 2447 986 2512 feritate
1010 2456 1147 2535 paterna

266 2552 317 2634 da,
340 2550 506 2638 Neptune,
528 2552 636 2615 locum
654 2590 691 2598 —
709 2554 762 2616 vel
785 2553 826 2616 sit
849 2554 938 2618 locus
961 2555 1032 2640 ipsa
1054 2554 1183 2637 licebit;

266 2658 352 2723 huno
376 2677 503 2743 quoque
527 2657 752 2743 complectar.”
776 2658 879 2722 Movit
902 2666 999 2745 caput
1022 2680 1205 2745 aequoreus
1225 2679 1304 2742 rex3

267 2764 489 2848 concussitque
512 2763 577 2827 suis
601 2783 712 2826 omnes
735 2762 924 2828 adsensibus
947 2764 1059 2830 undas.

177 2903 179 2908 ·
266 2869 428 2933 Extimuit
451 2867 624 2954 Nymphe3
649 2868 748 2932 nabat
770 2875 890 2932 tamen.
915 2869 990 2954 lpse
1013 2871 1154 2935 natantis
1212 2884 1218 2897 “

266 2980 397 3059 pectora
421 2973 595 3057 tangebam
619 2972 745 3059 trepido
769 2975 917 3037 salientia
940 2983 1048 3058 motu3

267 3079 409 3164 dumque
434 3099 472 3142 ea
496 3084 669 3160 contrecto,
694 3085 798 3142 totum
822 3079 992 3145 durescere
1016 3083 1102 3146 sensi

268 3206 382 3270 corpus
406 3189 439 3247 et
462 3183 593 3247 inducta
617 3184 712 3248 condi
734 3185 922 3270 praecordia
946 3193 1041 3251 19119.

175 3289 279 3373 Haeo,
304 3312 498 3377 quamquam
521 3312 579 3376 per
602 3312 636 3354 se
656 3313 721 3355 non
734 3290 909 3356 admodum
923 3295 1018 3376 mala,
1033 3315 1106 3358 cum
1119 3295 1236 3358 ceteris
1251 3301 1301 3360 ta-

176 3418 251 3461 men
275 3396 382 3461 verbis
395 3396 532 3460 Acheloi
544 3397 686 3460 breviter·
700 3403 732 3459 et
744 3403 838 3461 acuta
852 3399 1057 3483 simplicitate
1069 3421 1138 3464 rem
1150 3406 1301 3483 rogatam

175 3503 347 3585 narrantis,
380 3523 444 3565 non
480 3502 601 3586 optime
626 3503 859 3586 congruebant.
883 3503 1065 3590 Praecipue
1089 3504 1233 3590 precatio
1259 3505 1301 3569 ad

175 3608 366 3693 Neptunum
404 3606 460 3669 tali
495 3607 529 3668 in
559 3627 594 3669 re
618 3607 743 3691 longior
768 3613 837 3671 erat
860 3614 892 3670 et
916 3615 982 3672 tam
1005 3609 1133 3695 placida
1155 3611 1300 3674 narratio

176 3713 228 3776 hic
262 3733 328 3775 non
363 3711 403 3774 ad
438 3732 506 3774 rem
543 3717 620 3775 crat.
655 3711 695 3776 In
717 3712 847 3776 brevius
870 3713 969 3798 igitur
992 3715 1141 3800 redigere
1164 3722 1301 3780 conatus

177 3828 235 3884 cst.
259 3820 302 3884 llt
325 3821 406 3883 haec
429 3820 557 3883 brevior
580 3820 720 3882 narratio
734 3813 867 3905 'optime
892 3821 1001 3903 cessit,
1026 3841 1124 3906 quare
1140 3821 1173 3883 in
1188 3821 1301 3886 charta

175 3948 233 3989 sua
256 3925 395 4009 longiori
418 3925 594 3989 narrationi
617 3924 700 3988 hanc
723 3925 905 3988 breviorem
925 3924 1102 4012 adscripsit.
1122 3925 1218 3990 Duae
1238 3927 1300 3991 hae

174 4030 376 4094 narrationes
413 4031 477 4093 iam
513 4052 531 4093 a
567 4029 696 4092 librario
732 4030 784 4092 vel
819 4031 922 4094 scriba
953 4031 1093 4115 quodam
1117 4031 1300 4117 descriptae

175 4141 276 4216 erant,
311 4157 383 4198 cum
414 4143 511 4219 poeta
535 4135 654 4199 Tomos
677 4135 724 4197 ire
749 4135 853 4198 iussus
878 4142 935 4200 est.
960 4136 1066 4221 lgitur
1088 4137 1122 4199 in
1146 4137 1301 4223 exemplo

174 4243 255 4304 clam
293 4247 389 4324 poeta
425 4241 508 4304 facto
543 4240 651 4304 omnia
671 4259 753 4322 quae
777 4239 948 4324 scripserat
972 4249 1171 4323 manserunt,
1197 4250 1230 4305 et
1254 4243 1302 4306 111-

173 4348 239 4411 vito
274 4352 404 4409 auctore
429 4367 511 4430 quae
536 4346 576 4408 de
601 4344 716 4408 eadem
740 4365 774 4406 re
794 4344 842 4407 bis
862 4352 1044 4410 tentaverat
1063 4354 1191 4411 servata
1216 4354 1302 4412 sunt.

173 4452 212 4514 In
237 4451 399 4514 codicibus
423 4450 588 4515 nonnullis
612 4448 720 4513 omnia
744 4447 905 4536 descripta
924 4459 1014 4535 sunt3
1034 4453 1068 4516 in
1087 4452 1157 4516 aliis
1176 4458 1303 4516 remota
