2956 4958
705 380 743 443 13

157 583 271 626 seeum
303 568 481 626 traxerunt.
528 562 643 646 Itaque
667 563 742 627 indo
769 563 808 626 ab
835 564 897 624 696
922 562 1089 646 usquead
1114 566 1178 627 610
1201 571 1281 633 66111

159 668 553 731 661166166666161602
579 675 611 730 66
636 670 747 732 36611.
777 668 914 752 ,Spurio
938 669 1024 730 enim
1049 670 1139 733 esse'’
1164 681 1282 758 cetera,

156 794 243 857 quae
268 774 384 837 6611666
408 781 492 854 sunt,
520 773 673 853 ,diversis
698 772 899 858 temporibus
922 793 940 834 a
965 772 1100 838 diversis
1123 777 1211 841 haud
1236 780 1282 843 ita

157 879 245 941 bene
271 879 467 963 composita'’
492 878 656 942 contendit
678 878 806 941 Merkel
822 880 853 959 ¹).

204 983 269 1045 Hic
293 985 456 1068 ceterique
480 984 540 1046 1111
564 983 660 1064 docti,
685 984 742 1067 qui
765 984 793 1046 ei
819 982 1049 1053 assentiuntur,
1075 985 1211 1068 codices,
1227 989 1282 1071 qui

157 1088 312 1150 dicuntur
347 1089 507 1169 meliores,
532 1089 632 1151 secuti
658 1096 742 1169 sunt,
767 1087 968 1150 Marcianum
993 1088 1116 1152 scilieet
1140 1099 1173 1153 et
1196 1091 1281 1156 Lau-

156 1194 355 1274 rentianum,
391 1195 445 1277 qui
484 1215 526 1256 ex
560 1201 627 1256 toto
664 1195 734 1256 loco
771 1214 810 1256 66
846 1200 972 1256 6661661
1007 1194 1176 1278 praebent,
1200 1219 1282 1280 quae

159 1298 303 1361 editores
327 1297 373 1359 illi
396 1299 617 1362 retinuerunt:

160 1422 226 1482 593
253 1418 346 1490 (16611
370 1425 463 1503 pater
486 1419 711 1505 Hippodamas
735 1440 831 1503 aegre
856 1421 939 1501 tulit,
964 1421 1061 1504 inque
1083 1422 1283 1506 profundum

251 1524 394 1609 propulit
418 1545 436 1587 e
460 1527 589 1609 scopulo
614 1526 777 1611 pariturae
802 1547 935 1610 corpora
958 1532 1069 1588 116666.

252 1629 394 1714 Excepi,
418 1637 614 1714 nantemque
638 1632 745 1693 ferens
772 1630 819 1709 „0
849 1630 998 1714 proxima
1023 1631 1111 1694 coelo

163 1736 228 1796 596
254 1754 355 1817 regna
380 1734 501 1818 vagae”
526 1735 594 1797 111111
620 1737 751 1814 ,sortite
775 1734 973 1797 Tridentifer
997 1735 1115 1818 undae,

164 1842 230 1901 602
258 1839 350 1902 adfer
374 1859 469 1924 opem
493 1860 683 1923 mersaeque
706 1861 820 1925 precor
844 1839 971 1902 feritate
994 1847 1129 1925 paterna

166 1947 230 2006 6113
257 1943 308 2024 da,
331 1943 496 2029 Neptune,
520 1946 642 2025 locum3
666 1946 718 2008 vel
742 1944 783 2007 sit
806 1946 894 2007 locus
918 1945 987 2029 ipsa
1010 1946 1151 2009 11661116.”

166 2052 231 2112 610
260 2048 343 2113 Dum
366 2051 490 2132 loquor,
514 2050 665 2135 amplexa
690 2056 738 2113 est
761 2057 849 2112 artus
873 2071 956 2113 nova
980 2057 1065 2114 terra
1089 2059 1238 2115 natantes

257 2161 289 2217 et
312 2155 419 2239 gravis
443 2154 578 2217 increvit
593 2137 735 2218 ¹mutatis
758 2155 864 2217 insula
888 2156 1050 2218 membris.

210 2274 244 2337 Si
280 2274 493 2338 mutationem
516 2275 565 2338 1116
589 2276 695 2338 verbis
719 2277 913 2339 narravisset
947 2271 1154 2360 1166666611
1182 2276 1285 2358 longis

166 2379 356 2463 ambagibus
391 2379 521 2460 quidem
552 2402 627 2442 usus
652 2388 746 2462 esset,
771 2381 826 2443 sod
852 2381 959 2444 omnia
984 2389 1092 2444 tamen
1115 2381 1286 2465 perspicua

166 2491 283 2566 esseut,
308 2492 340 2548 et
364 2485 465 2547 oratio
489 2484 572 2548 bene
597 2492 735 2570 apteque
755 2485 954 2570 procederet.

208 2591 284 2672 Fac,
320 2594 449 2676 poetam
474 2591 555 2653 nihil
577 2597 747 2674 praeterea
771 2591 943 2672 addidisse,
968 2589 1148 2675 rogandum
1172 2597 1282 2653 tamen

167 2705 223 2777 est,
260 2717 342 2780 quae
378 2696 476 2759 fuerit
511 2718 616 2778 causa,
642 2718 939 2760 6611616666666
964 2696 1070 2759 6611661
1096 2695 1283 2758 intextum

165 2802 276 2864 inserti
311 2801 384 2864 sint.
430 2800 540 2863 Facile
571 2801 1183 2882 6611666611666,1616116166666666
1209 2821 1284 2888 spu·

164 2907 237 2988 rios,
275 2906 429 2985 „diversis
476 2906 676 2990 temporibus
713 2928 731 2969 a
766 2905 901 2969 diversis
937 2906 1161 2991 compositos”.
1209 2907 1284 2970 Non

164 3011 258 3074 166116
293 3032 369 3074 vero
394 3011 454 3073 erit
478 3011 619 3074 indicare
644 3013 799 3095 iustisque
826 3012 1024 3096 argumentis
1050 3011 1283 3105 demonstrare,

164 3117 250 3179 uode
274 3116 320 3178 illi
344 3137 454 3179 versus
479 3116 620 3200 ablegati
635 3117 793 3201 originem
806 3117 944 3179 trahant.
970 3115 1022 3178 Ab
1036 3117 1285 3201 interpolatore?

165 3222 256 3283 Nihil
298 3243 378 3306 opus
414 3222 475 3283 fuit
509 3221 770 3305 interpolatione.
818 3221 902 3284 Nam
938 3221 1019 3284 nihil
1054 3223 1138 3283 inest
1178 3221 1284 3304 ,quod

166 3328 279 3389 vitium
303 3327 403 3389 traxit
428 3327 478 3388 vel
502 3326 600 3410 aliqui
626 3327 795 3389 eruditulis
819 3326 989 3410 displicere
1014 3325 1155 3411 posset'',
1181 3325 1281 3409 quod-

166 3454 227 3515 que
256 3432 355 3515 igitur
381 3431 640 3515 ,laevigandum
666 3431 909 3494 exornandum’
935 3438 1029 3494 esset.
1076 3430 1181 3493 Immo
1207 3451 1282 3494 vero

167 3537 274 3599 omnia
310 3537 450 3621 eleganti
486 3558 644 3620 sermone,
680 3540 822 3603 breviter
857 3534 1004 3624 quidem*
1023 3541 1080 3604 sed
1117 3541 1287 3626 perspicue

168 3648 241 3704 sunt
263 3648 404 3704 narrata.

209 3746 325 3831 Neque
360 3748 476 3811 lacuna
512 3749 615 3830 adest,
647 3771 753 3834 neque
783 3771 894 3813 versus
917 3751 1076 3834 particula
1101 3771 1206 3836 neque
1230 3749 1286 3812 he-

168 3852 348 3914 mistichion
384 3853 485 3922 deest,
515 3855 601 3937 quod
625 3855 767 3940 suppleri
793 3855 971 3939 oportebat.
1020 3855 1136 3938 Nemo,
1162 3856 1285 3940 opinor,

168 3958 219 4040 qui
258 3958 334 4020 olim
370 3960 487 4043 scripta
524 3967 672 4022 veterum
708 3966 875 4023 auctorum
909 3961 1096 4046 perscripsit
1132 3968 1198 4025 tam
1223 3962 1285 4024 1616

169 4063 325 4147 stupidus,
349 4070 385 4126 66
419 4063 480 4126 hoc
515 4066 584 4127 loeo
621 4067 771 4128 lacunam
807 4065 920 4129 adesse
956 4067 1118 4150 crede1·et;
1144 4076 1176 4130 at
1201 4068 1227 4130 si
1250 4089 1284 4128 ro

171 4189 243 4230 vera
268 4174 334 4230 tam
357 4169 485 4253 ineptus
510 4168 624 4252 aliquis
648 4169 752 4232 scriba
776 4171 827 4232 161
851 4169 952 4234 166661
990 4173 1193 4254 exstistisset,
1217 4179 1284 4235 tarn

212 4450 239 4519 l)
280 4446 314 4521 O.
336 4447 428 4519 Korn,
450 4450 486 4508 ad
508 4451 536 4508 h.
558 4450 578 4506 l.
