2956 4958
95 102 194 158 terea
217 114 294 156 vero
318 114 383 155 non
406 90 646 176 neglegendum
671 99 728 174 est,
747 93 899 157 Ovidium
910 94 1039 179 saepius
1054 93 1224 156 rneruoruri

75 224 115 266 a
140 197 340 270 Quintiliano
365 218 437 259 eum
460 197 697 281 vituperatione
722 198 871 282 quedam,
895 199 948 261 vel
972 204 1008 260 ut
1032 200 1220 283 exemplum

69 302 265 369 vitandum
302 309 453 386 ponatur.
489 301 532 362 Et
567 303 626 365 hae
663 304 733 388 ipsa
772 305 806 367 in
842 324 877 366 re
912 302 1078 366 uSeneea
1114 303 1222 365 differt

70 408 328 480 Quintilianus.

59 512 290 595 IX3,69sq.:
317 509 443 589 ,Voees
489 516 545 572 out
581 510 716 575 eaedem
752 512 878 576 divorsa
913 513 946 575 in
982 512 1217 597 significatione

138 622 303 702 ponuntur
329 622 384 677 aut
406 614 616 700 productione
631 624 757 680 tantum
771 620 822 681 vel
836 619 1037 703 correptione
1055 625 1216 680 rnutetee:

111 721 226 806 ·quod
264 720 361 783 etiarn
396 720 430 781 in
460 720 536 782 ioois
556 720 708 804 trigidum
733 723 883 806 equidem
907 721 989 785 tradi
1014 723 1098 786 inter
1121 743 1213 806 prae·

142 834 235 910 cepto
259 825 367 904 rniror,
392 845 495 907 eoque
520 826 670 909 exempla
689 826 812 889 vitandi
831 828 939 912 potius
962 849 1058 911 quum
1071 826 1219 889 imitandi

141 931 244 1014 glutis
268 950 396 1014 pone...
422 935 454 991 et
478 930 564 1014 apud
589 930 741 993 (tridium
766 931 951 995 ludentem:

318 1055 384 1116 ,our
408 1054 468 1118 ego
492 1056 557 1097 non
580 1034 695 1116 diuum,
720 1036 829 1119 Furia,
854 1043 886 1099 te
910 1037 1065 1100 l'uriarn'?

44 1139 344 1221 VIII,3,44-47:
372 1140 518 1221 ,Vitium
543 1189 549 1202 .
576 1189 583 1202 .
609 1190 615 1202 .
642 1189 648 1202 .
675 1138 893 1218 κακέμᾳαῑονε
923 1142 990 1204 sive
1026 1142 1110 1204 rnelu
1145 1162 1220 1202 eon·

140 1245 311 1309 suetudine
346 1247 379 1308 in
416 1247 611 1309 obscoenum
643 1247 843 1309 intellectum
868 1267 972 1309 sermo
996 1246 1141 1308 detortus
1166 1253 1214 1308 est

140 1352 205 1414 sive
240 1352 389 1415 iunctura
424 1351 611 1415 deformiter
644 1357 736 1414 sonat
760 1401 767 1414 .
794 1400 801 1414 .
828 1401 834 1413 .
861 1400 868 1414 .
893 1372 953 1413 nee
978 1351 1095 1435 scripto
1121 1350 1216 1413 modo

139 1456 170 1518 id
205 1456 331 1537 aeeidit,
356 1457 412 1520 sed
437 1457 535 1520 etium
559 1477 654 1519 sensu
678 1457 824 1541 plerique
849 1457 987 1519 obsoene
1010 1456 1213 1539 intellegere,

140 1564 199 1625 nisi
234 1563 367 1639 sarorio,
402 1563 535 1646 eupiunt
566 1562 615 1642 (ut
639 1562 724 1646 apud
749 1561 901 1625 Ovidium
926 1582 1084 1645 ,quaeque
1108 1563 1212 1625 latent

138 1667 270 1729 meliora
293 1666 409 1751 putut')
444 1674 476 1728 et
500 1688 542 1729 ex
566 1667 671 1730 verbis
696 1688 778 1750 quae
802 1667 988 1751 longissime
1013 1668 1053 1731 ob
1079 1667 1211 1731 obseoe-

137 1772 236 1834 nitete
261 1772 389 1851 obsunt,
411 1773 616 1848 ‚occasionem
640 1772 846 1857 turpitudinis
871 1773 1015 1858 rapere.”

48 1871 246 1956 Udi&
288 1896 418 1954 ,versus
454 1877 613 1939 clauditur
647 1878 973 1958 ...ermamentis'
988 1878 1086 1960 ¹)
1104 1878 1210 1950 Quare

136 1981 193 2044 hoo
217 2002 344 2065 quoque
368 1982 536 2045 nitendum
561 1989 618 2063 est,
645 2002 684 2044 ne
708 1983 849 2066 plurium
873 1984 1070 2068 sylluborurn
1102 1984 1209 2047 verbis

137 2094 264 2150 utarnur
287 2087 321 2149 in
344 2085 439 2149 fine.''

135 2262 206 2326 llon
242 2284 369 2348 semper
402 2270 511 2326 tumen
550 2263 759 2348 reprehendit
783 2262 1010 2335 Quintilianus.
1034 2266 1119 2330 Nam
1144 2287 1209 2329 uon

53 2368 191 2430 solum
226 2368 296 2430 sine
330 2368 578 2453 vituperatione,
615 2367 672 2431 sed
708 2369 805 2431 etiam
841 2373 909 2436 sine
947 2373 1134 2437 luudutione
1166 2394 1208 2436 ex

52 2465 393 2558 Metamorphoseou
426 2473 515 2537 libris
540 2473 579 2536 ab
604 2493 642 2535 eo
667 2472 860 2540 efferuntur:
885 2478 946 2558 IX,
972 2483 1002 2559 3,
1027 2482 1068 2541 48
1095 2499 1206 2541 exem·

54 2574 175 2655 plum
198 2579 396 2662 pleonasmi3
420 2578 480 2658 IX,
506 2581 536 2658 ⁴2,
562 2581 603 2640 64
629 2580 817 2662 exemplum
842 2583 1022 2667 ernphusis3
1041 2583 1083 2664 V,
1102 2588 1149 2665 ¹0,
1164 2589 1203 2647 41

63 2678 158 2742 eius
197 2683 254 2762 rei,
291 2683 376 2766 quod
413 2704 478 2745 non
512 2684 631 2767 ubique
668 2686 754 2749 idern
790 2695 845 2750 eut
875 2689 951 2751 lieet
975 2697 1031 2752 eut
1054 2689 1205 2753 deeorum

63 2791 148 2865 est,
167 2787 193 2868 l,
219 2791 249 2867 5,
274 2791 336 2851 43:
365 2786 569 2869 „eorrsodere
594 2788 701 2852 duees'
725 2813 790 2854 nou
814 2799 862 2854 est
886 2792 1020 2856 dualis.'’

137 2889 181 2954 Sie
227 2893 336 2972 etium,
385 2893 440 2955 ubi
491 2914 601 2957 versus
648 2896 796 2977 uitentur,
841 2919 905 2960 non
951 2899 1081 2961 uliunde
1116 2900 1202 2962 noti:

68 2988 180 3076 Vflt,
205 3001 235 3078 5,
261 3001 299 3060 6:
326 2998 432 3081 ,opud
457 2999 609 3061 Ovidium
632 3000 750 3063 Medon
774 3002 867 3065 dioit:

298 3124 436 3186 ,seruare
460 3106 569 3189 potui:
594 3107 730 3191 perdere
755 3130 796 3171 an
819 3111 938 3194 possirn
963 3111 1093 3195 rogos'?

66 3249 348 3343 XII,ro,75:„at
371 3263 397 3324 si
422 3265 734 3351 contuleris'Tyriue
760 3288 831 3330 euru
856 3271 1014 3351 lacernae,

305 3375 478 3451 conspeetu
503 3371 644 3433 melioris
670 3371 846 3451 obruatur’,

119 3509 167 3565 ut
191 3506 323 3570 Ovidius
347 3508 422 3571 uir'.

61 3595 112 3663 Et
144 3606 207 3691 Vl,
232 3616 261 3693 3,
287 3616 344 3675 ou:
384 3613 570 3691 ,ddiuvunt
599 3619 816 3683 urbunitutonr
842 3630 873 3684 ot
898 3644 1008 3687 vorsus
1033 3628 1199 3689 cornnrode

110 3716 231 3794 positi,
267 3739 324 3780 seu
349 3720 408 3780 toti
432 3727 467 3781 ut
491 3728 564 3783 sunt
589 3722 689 3802 (quod
713 3725 794 3787 adeo
819 3727 912 3789 facile
939 3735 1041 3791 estut
1065 3729 1199 3794 Ovidius

55 3857 214 3881 Ἢ

96 3933 143 4006 1)
193 3942 263 4001 Met.
287 3944 340 4012 xi,
361 3946 427 4002 rso.
