2956 4958
718 390 759 450 56

177 577 210 638 in
245 596 284 638 ca
318 581 350 637 et
380 573 420 637 ob
444 571 504 634 hoe
527 577 669 636 remotus
693 572 733 635 ad
758 570 943 634 Cornelium
968 569 1099 637 Gallum
1123 597 1158 638 se
1184 585 1299 642 contu·

176 681 257 744 lorat
293 681 482 763 vixeratque
512 700 576 741 una
611 679 858 742 familiarissime
873 717 910 723 —-
927 679 1013 758 quod
1049 681 1110 765 ipsi
1135 680 1231 746 Gallo
1259 687 1298 750 ab

175 786 323 869 Augusto
348 786 431 848 inter
453 783 643 868 gravissima
667 785 800 847 erimina
824 785 986 849 obiectum
1012 793 1081 847 crat
1098 825 1135 832 -
1152 789 1298 853 scholam

176 891 312 975 aperuit,
348 888 404 952 secl
440 890 484 952 ita
520 895 555 951 ut
578 890 688 973 paucis
713 896 745 952 et
769 894 894 952 tantum
919 889 1180 956 adolescentibus
1205 917 1299 979 prac-

176 995 308 1080 ciperot,
343 1001 548 1080 praetextato
581 996 712 1058 nemini.
748 994 799 1075 ,ls
823 996 945 1079 primns
969 994 1084 1059 dicitur
1088 1045 1189 1061 .....
1215 999 1298 1063 Vos

175 1100 289 1185 gilium
314 1107 346 1162 et
370 1102 448 1164 alios
471 1109 584 1186 poetas
607 1122 706 1164 noros
730 1102 919 1185 praelegere
945 1101 1154 1185 coepisse.'’¹)

220 1204 384 1289 Vergilius
420 1206 517 1289 igitur
554 1206 617 1268 iam
651 1205 742 1268 vivus
767 1205 800 1266 in
822 1204 946 1267 scholas
970 1213 1117 1286 receptus
1142 1214 1202 1272 est.
1227 1209 1297 1274 Nec

176 1316 302 1373 mortuo
326 1311 396 1394 ipso
420 1330 518 1394 opera
543 1311 611 1373 eius
636 1331 677 1372 ex
701 1311 739 1372 iis
764 1318 974 1391 recesserunt,
999 1312 1166 1376 sedetiam
1182 1322 1296 1400 postea

175 1436 233 1499 per
268 1416 369 1478 multa
404 1416 532 1479 saecula
565 1415 598 1476 in
629 1415 829 1477 institutione
855 1421 887 1476 ct
909 1436 1083 1499 puerorum
1110 1424 1143 1479 et
1167 1418 1293 1482 adoles-

176 1520 317 1583 centium
340 1520 528 1604 primarium
551 1521 657 1582 locum
682 1520 899 1582 obtinuerunt.
927 1519 1025 1582 Pueri
1051 1541 1094 1584 ex
1117 1543 1154 1585 eo
1168 1524 1295 1588 litteras

176 1625 341 1688 discebant
355 1625 389 1706 a),
413 1626 655 1710 grammaticam
676 1632 707 1687 et
718 1625 881 1687 metricam
899 1626 1113 1709 exercebant,
1126 1628 1296 1692 rhetorum

175 1729 289 1793 studiis
316 1738 348 1792 ct
367 1729 653 1793 declamationibus
681 1730 735 1792 illo
762 1742 953 1814 argumenta
980 1740 1011 1792 ot
1034 1734 1186 1818 exempla
1202 1756 1296 1819 prac-

175 1834 283 1898 bcbat.
320 1833 390 1906 Quo
426 1835 545 1898 factum
583 1844 630 1897 est
664 1841 702 1898 nt
729 1835 931 1919 grammatici
959 1843 990 1898 ct
1016 1837 1161 1901 rhetores
1187 1839 1297 1904 studia

175 1962 233 2003 sua
272 1940 306 2001 in
341 1939 452 2024 primis
489 1940 522 2001 in
547 1960 621 2002 eum
648 1946 881 2002 converterent.
909 1939 990 2002 Inde
1014 1944 1239 2006 commentarii
1264 1951 1297 2007 ot

175 2045 295 2108 scholia
319 2045 352 2107 in
376 2045 444 2108 cius
469 2066 576 2129 opera,
603 2044 677 2108 inde
704 2045 936 2129 disputationes
961 2045 1001 2109 de
1026 2048 1226 2130 argumentis
1252 2069 1296 2112 cx

176 2171 214 2213 co
238 2149 347 2234 petitis
359 2147 395 2230 ³).

220 2254 310 2327 Quae
346 2255 454 2317 omnia
485 2253 601 2317 Ovidio
638 2255 706 2316 fore
731 2255 861 2317 onmino
888 2253 1069 2319 doluerunt.
1100 2255 1152 2338 at,
1181 2280 1295 2342 quam·

175 2381 271 2443 qnam
296 2359 507 2443 grammatici,
533 2359 585 2444 qui
610 2359 760 2421 nimirum
788 2360 885 2422 ctiam
909 2368 994 2422 artes
1020 2383 1093 2424 suas
1116 2363 1294 2448 praecipue

175 2465 208 2528 in
243 2486 335 2527 nsum
357 2469 390 2526 et
413 2464 594 2527 scholarum
621 2469 653 2526 et
677 2464 843 2528 doctorum
870 2467 1122 2548 conscribebant,
1153 2489 1226 2531 eam
1253 2469 1294 2533 ob

174 2591 243 2633 rem
255 2571 351 2653 longe
363 2569 501 2653 plurima
514 2571 665 2654 exempla
679 2590 720 2632 ex
733 2570 878 2654 Vergilio
893 2572 1058 2655 petebant,
1071 2570 1159 2635 haud
1172 2594 1295 2657 paucos

175 2681 285 2738 tamen
308 2695 418 2737 versus
443 2674 618 2736 testimonii
643 2675 747 2758 gratia
772 2675 868 2737 etiam
883 2695 925 2737 ex
943 2675 1058 2739 Ovidio
1074 2686 1294 2761 sumpserunt.

219 2778 332 2862 Longe
370 2779 508 2863 plurima
543 2778 702 2841 dederunt
741 2779 914 2842 Servius
951 2780 1213 2863 Honoratus,
1239 2783 1295 2867 qui

175 2884 208 2944 in
243 2884 472 2945 commentario
496 2883 529 2944 in
552 2882 734 2966 Vergilium
758 2886 894 2969 amplius
919 2889 961 2948 40
982 2907 1092 2949 versus
1116 2885 1296 2951 Ouidianos

177 2987 294 3068 attulit,
328 2994 360 3048 et
394 2987 658 3068 Priscianus,
695 2989 749 3072 qui
781 2989 814 3051 in
838 2989 1082 3053 Institutionum
1105 2994 1296 3074 grammati·

177 3112 286 3154 carum
319 3091 409 3153 libris
439 3112 482 3153 ex
504 3090 636 3155 Metam.
661 3094 735 3156 solis
760 3097 802 3156 50
826 3094 893 3157 fere
913 3116 1024 3158 versus
1048 3096 1167 3160 citavit.
1192 3097 1295 3161 Prae-

176 3202 265 3259 terea
287 3216 399 3258 versus
423 3195 573 3259 Ovidiani
596 3197 804 3261 inveniuntur
827 3200 859 3261 in
885 3197 1122 3263 Commentario
1146 3200 1179 3263 in
1208 3202 1295 3265 Ver-

174 3300 244 3385 gilii
266 3299 419 3364 Buoolica
443 3307 475 3364 et
500 3300 669 3384 Georgica,
695 3303 748 3386 qui
767 3303 811 3366 M.
827 3303 958 3366 Valerio
972 3305 1078 3367 Probo
1092 3306 1294 3389 inscribitnr3

176 3406 263 3491 apud
299 3406 476 3468 Helonium
513 3407 675 3469 Acronem
712 3413 744 3468 ot
773 3407 988 3492 Pomponium
1021 3409 1294 3495 Porphyrioncm,

177 3512 230 3595 qui
263 3511 296 3572 in
328 3510 501 3572 Horatium
539 3512 805 3574 commentarium
838 3513 1049 3596 scripserunt,
1085 3515 1117 3576 in
1150 3516 1294 3599 epitome

177 3637 272 3700 quarn
309 3615 431 3678 Paulus
464 3613 628 3678 Diaconus
666 3617 803 3679 confecit
838 3638 880 3679 ex
915 3617 990 3680 Sex.
1026 3619 1174 3704 Pompeii
1203 3621 1295 3685 Festi

179 3721 339 3804 excerptis
364 3741 406 3783 ex
428 3720 473 3784 M.
498 3720 621 3783 Valerii
639 3721 746 3784 Flacci
759 3722 799 3785 de
814 3723 985 3786 verborum
996 3723 1177 3806 significatu
1189 3725 1296 3806 libris;

178 3825 360 3910 multosque
384 3825 471 3911 apud
494 3826 583 3889 alios.

220 4059 248 4130 1)
289 4058 409 4116 Sueten.
430 4077 555 4134 gramm.
580 4059 625 4117 16.

219 4139 248 4212 2)
290 4137 392 4205 Quint.
412 4139 436 4206 I,
460 4139 487 4206 8,
502 4142 530 4195 ὃ.

218 4219 247 4291 3)
291 4217 507 4277 Conferendum
539 4217 629 4275 stiam
661 4219 738 4293 quod
771 4222 806 4278 A.
839 4221 924 4279 Riese
955 4223 1031 4279 dixit
1062 4222 1148 4282 Ovid.
1182 4227 1248 4283 Vol.
1282 4227 1296 4283 Ι

177 4298 266 4372 praef.
298 4298 339 4354 XI
370 4298 399 4353 et
430 4298 507 4354 Xll:
541 4299 587 4355 »Α
616 4300 877 4375 grammaticorum
909 4302 1030 4376 quidem
1052 4306 1159 4363 scholis
1180 4306 1295 4364 alienus

178 4385 250 4446 erat,
282 4377 313 4434 id
335 4375 415 4451 quod
437 4382 614 4453 argumenta
635 4378 671 4434 ab
693 4397 726 4436 eo
747 4383 875 4438 tractata
897 4383 986 4438 simul
1009 4401 1077 4441 cum
1099 4405 1133 4443 ca
1153 4405 1193 4455 re,
1216 4387 1295 4462 quod

179 4456 314 4519 doctrina
336 4457 524 4536 exquisitiore
545 4460 636 4527 carot,
657 4458 783 4517 effecisse
805 4461 973 4519 videntur.’'
