3224 5130
596 1438 800 1511 uaPu'r
840 1441 901 1510 lV.

390 1664 449 1726 DE
477 1663 909 1727 METAMORPHOSEON
945 1663 1102 1726 LIBRIS.

228 1875 271 1938 Et
285 1875 444 1959 ‘aequales
470 1874 568 1958 igitur
592 1874 700 1938 Ovidii
725 1882 757 1938 et
775 1876 844 1939 eius
859 1874 957 1938 aetati
970 1894 1126 1959 suppares
1140 1880 1172 1936 et
1184 1872 1303 1957 posteri

182 1979 354 2064 scriptores
392 1979 483 2042 latini
513 1985 545 2042 et
578 1978 773 2044 recentiores
797 1979 919 2043 iudices
945 1980 1013 2042 fere
1037 1999 1148 2042 omnes
1172 1999 1304 2041 consen·

183 2085 268 2147 tiunt
294 2105 368 2147 eum
389 2084 487 2146 fuisse
501 2089 632 2170 poetam
647 2085 805 2149 illustrem
818 2085 1096 2170 ingeniosumque,
1111 2083 1187 2146 artis
1200 2083 1303 2168 poeti·

183 2210 240 2254 cae
253 2190 405 2253 facultate
419 2210 544 2252 summa
559 2189 761 2254 instructum.
780 2190 861 2254 Cum
885 2197 995 2254 autem
1008 2189 1174 2274 ingenium
1188 2195 1303 2251 artem·

184 2315 247 2380 que
260 2315 351 2358 suam
364 2315 482 2377 magno
495 2294 603 2358 studio
618 2298 767 2360 excolere
776 2317 842 2360 non
851 2295 1034 2380 neglexerit
1043 2293 1231 2379 scriptisque
1240 2293 1305 2356 suis

184 2401 322 2463 multum
345 2398 522 2462 industriae
546 2381 752 2487 impenderit}
776 2402 884 2465 omnia
910 2422 992 2486 quae
1003 2401 1117 2464 litteris
1130 2400 1304 2481 mandarit,

184 2505 218 2568 in
254 2505 365 2590 primis
398 2525 481 2589 quae
516 2513 591 2570 ante
616 2507 850 2591 relegationem
878 2507 995 2592 scripta
1019 2512 1103 2588 sunt,
1130 2527 1201 2569 eam
1228 2506 1304 2569 artis

185 2615 282 2694 atque
317 2609 440 2694 ingenii
466 2610 654 2674 facultatem
679 2610 849 2674 ostendere
873 2631 1004 2674 necesse
1032 2616 1090 2674 est.
1115 2609 1221 2683 Quare
1246 2610 1306 2672 viri

186 2713 233 2777 illi
270 2714 324 2798 qui
357 2714 465 2778 omnia
501 2713 608 2778 Ovidii
644 2736 742 2801 opera
764 2715 997 2800 perfectissima
1022 2735 1092 2778 esse
1119 2715 1222 2778 forma
1246 2714 1306 2778 sibi

185 2840 376 2906 persuasum
399 2820 572 2902 habebant,
596 2842 654 2906 pro
677 2820 827 2906 genuinis
847 2840 1020 2903 agnoscere
1044 2826 1307 2906 nonpotuerunt‚

187 2946 407 3010 quaecumque
430 2947 494 2989 non
517 2925 665 2989 omnibus
688 2925 831 2989 numeris
857 2925 1004 2988 absoluta
1028 2930 1145 2988 essent.

232 3030 297 3094 Sed
337 3031 557 3114 quaerendum
591 3038 640 3094 est
679 3053 756 3094 num
792 3031 906 3094 merito
941 3030 1220 3116 Metamorphoses
1253 3031 1308 3094 illa

188 3137 311 3199 ratione
341 3142 443 3220 vatque
481 3157 592 3199 norma
625 3137 796 3199 aestimare
819 3137 925 3219 liceat,
952 3157 1030 3200 num
1053 3156 1187 3200 revera
1211 3136 1308 3199 etiam

189 3240 249 3303 hoc
273 3261 390 3324 poema
416 3247 506 3304 tanta
534 3247 602 3304 arte
630 3248 662 3304 et
685 3241 842 3305 industria
871 3242 911 3305 sit
937 3247 1140 3326 conceptum,
1164 3241 1308 3304 elabora·

141 3419 144 3424 Ι
189 3351 267 3427 tum,
292 3345 498 3430 perpolitum.
535 3346 682 3408 Primum
717 3345 815 3430 igitur
850 3345 1036 3425 ridendum,
1073 3365 1154 3429 quae
1184 3345 1309 3431 etipse

190 3455 298 3513 auctor
322 3449 362 3512 de
388 3449 437 3512 his
461 3450 550 3513 libris
576 3450 738 3514 monuerit
762 3456 796 3513 et
818 3449 872 3512 alii
893 3449 1094 3513 tradiderint.

286 3661 303 3741 ξ
331 3663 358 3722 l.
405 3660 478 3720 Iam
502 3673 666 3744 cutequcuu
690 3661 818 3725 illelom.
844 3662 971 3746 roriferit
994 3684 1023 3721 sc
1049 3660 1116 3721 duic
1141 3661 1226 3742 operi

532 3782 676 3842 iudicarit
702 3805 824 3864 operum
851 3805 971 3843 aurore.

235 3989 395 4054 Amorum
430 3992 527 4056 libros
566 3992 701 4057 Ovidius
739 3994 853 4058 clausit
890 3994 1027 4080 epilog0‚
1052 3992 1107 4073 qui
1133 3997 1181 4055 est
1205 3991 1310 4075 elegia

194 4094 354 4178 libriin,
381 4095 432 4159 15.
457 4096 509 4160 Ibi
532 4098 624 4162 dicit:

194 4255 238 4297 vs.
266 4237 279 4295 1
329 4233 477 4314 „Quaere
502 4257 621 4300 novum
645 4244 763 4320 vatem,
788 4244 972 4301 tenerorum
992 4242 1100 4300 mater
1123 4233 1281 4298 Amorum

372 4338 496 4402 raditur
520 4340 571 4404 hic
596 4343 697 4428 elegis
720 4343 834 4406 ultima
858 4348 944 4405 meta
968 4343 1069 4423 meis3

199 4443 236 4504 15
329 4441 423 4528 Culte
447 4466 538 4530 puer,
562 4447 719 4531 puerique
743 4467 860 4532 parens
882 4445 1075 4510 Amathusia
1100 4444 1192 4508 culti-

375 4539 474 4611 aurea
498 4548 537 4612 dc
562 4571 675 4635 campo
700 4551 808 4614 vellite
831 4551 924 4636 signa
947 4569 1030 4613 meo.
