2956 4958
645 388 683 460 77

141 581 189 642 tom
211 581 269 669 ipse
292 581 507 646 emendasset.
526 582 661 645 Ovidius
687 582 784 663 enim,
805 588 842 644 ut
863 603 959 666 supra
972 579 1120 648 vidimus.
1135 593 1225 650 ante·

136 700 209 760 quam
225 689 387 774 ingenium
407 690 475 752 eius
500 690 637 752 fractum
663 696 695 750 et
708 708 812 772 paene
826 687 976 751 obtusum
992 698 1071 770 erat,
1085 691 1227 756 earmina

131 805 177 851 Sua
197 815 304 878 magno
329 794 435 858 studio
461 803 493 858 et
512 793 669 857 industria
689 792 862 856 cruendam
883 800 915 855 et
933 795 1094 878 perpolire
1114 796 1227 861 solitus

128 904 192 958 erat.
211 899 245 962 ln
267 900 379 984 primis
403 899 710 983 Metarnorphoscon
734 899 822 961 libris
847 898 1058 962 emendandis
1081 904 1226 985 permul-

121 997 182 1061 lurn
202 1003 314 1067 laboris
338 1004 404 1067 iam
423 1005 618 1091 impendisse
633 1025 718 1085 euru,
733 1005 933 1084 multumque
948 1005 1046 1067 etiam
1062 1006 1226 1091 impensu·

114 1115 181 1166 1¹um
202 1110 305 1191 fuisse,
330 1111 356 1172 si
376 1111 528 1193 licuisset,
543 1110 694 1173 continuo
709 1116 855 1194 apparet,
870 1109 894 1170 si
911 1116 1110 1194 reputamus,
1125 1134 1222 1193 quarn

112 1221 256 1294 nlagnam
280 1216 375 1279 exiis
388 1216 523 1299 gloriam
537 1215 597 1278 sibi
611 1214 857 1300 exspectaverit.
882 1214 925 1276 Et
937 1235 1135 1299 quamquam
1149 1216 1226 1280 Ori·

106 1304 181 1378 dius
204 1342 267 1384 non
291 1322 364 1384 talis
377 1321 437 1384 fuit
450 1321 551 1406 qualis
564 1320 740 1405 Vergilius,
755 1321 805 1382 eui
819 1319 995 1382 admodum
1009 1320 1144 1385 difficile
1159 1329 1228 1385 erat

101 1429 218 1488 Versus
242 1427 393 1507 scribere,
418 1426 475 1488 sed
499 1427 529 1488 ei
553 1434 663 1489 contra
677 1425 867 1488 facillimum
881 1424 942 1486 fuit
957 1425 1107 1507 quicquid
1121 1427 1227 1491 dicere

96 1523 207 1594 Vellet
255 1552 406 1594 versuum
441 1531 585 1594 numeris
620 1530 770 1613 condere,
810 1537 919 1592 tamen
956 1530 1053 1592 ctiam
1091 1530 1225 1595 Ovidius

89 1631 208 1698 Illulta
233 1657 311 1698 sane
335 1636 368 1697 in
392 1636 430 1698 iis
454 1657 537 1716 quae
561 1637 664 1721 primo
689 1634 859 1719 scripserat
882 1640 995 1718 postea
1018 1637 1164 1699 mutarit.

148 1734 259 1804 Unum
296 1741 484 1824 exemplum
515 1741 568 1803 hic
591 1741 685 1821 dabo,
710 1748 745 1802 ut
769 1738 1048 1823 Metamorphoses
1072 1742 1183 1824 quales
1207 1763 1226 1803 a

73 1845 202 1909 Poeta
225 1847 357 1909 relictae
382 1852 414 1907 et
438 1867 495 1930 per
520 1854 666 1931 tempora
691 1852 837 1908 servatae
862 1843 935 1924 sint,
961 1866 1025 1907 non
1050 1847 1131 1908 tales
1150 1846 1225 1908 inde

70 1934 128 1999 ab
162 1949 260 2014 initio
286 1957 457 2034 conceptas
481 1956 514 2013 et
538 1951 730 2035 compositas
755 1970 824 2011 esse
849 1956 1016 2033 appareat.

62 2062 64 2066 ’
132 2046 189 2119 111
223 2056 328 2141 elegia
359 2054 424 2136 illa,
458 2054 532 2118 Am.
557 2055 620 2136 Hi,
648 2058 698 2136 12,
723 2076 786 2135 qua
806 2055 982 2137 permultas
1002 2053 1126 2117 fabulas
1151 2077 1169 2117 a
1193 2075 1227 2117 sc

61 2156 250 2223 narratas
288 2167 467 2241 enumerat,
504 2181 583 2240 quas
619 2153 730 2223 omnes
759 2180 801 2220 ex
832 2156 964 2221 Metam.
993 2159 1082 2221 libris
1108 2159 1227 2243 petitas

57 2260 173 2322 esse
212 2266 276 2328 iam
318 2286 414 2349 supra
438 2264 587 2347 vidimus,
613 2265 710 2327 etiam
735 2264 860 2349 Scyllae
886 2263 1098 2326 mutationem
1123 2263 1228 2344 affert,

55 2364 133 2419 vs,
178 2374 310 2450 21qu
687 2379 689 2385 ⁴

244 2546 322 2610 ,per
345 2546 403 2588 nos
428 2524 533 2610 Scylla
560 2525 642 2609 patri
667 2546 762 2588 canos
786 2525 891 2588 furata
917 2526 1031 2609 capillo

283 2630 369 2714 pube
393 2629 511 2713 premit
536 2629 663 2692 rabidos
687 2629 937 2714 inguinibusque
962 2627 1087 2691 canes.'’

134 2754 226 2830 Una
250 2773 376 2831 tanturn
401 2766 508 2851 Scylla
531 2767 583 2830 hie
608 2773 806 2831 memoratur
833 2787 968 2850 eamque
993 2766 1075 2850 patri
1096 2766 1228 2850 capillos

46 2837 246 2934 fuPetam
270 2879 302 2935 et
326 2877 438 2956 postea
462 2871 496 2933 in
520 2879 699 2936 monstrum
719 2881 875 2935 mutatam
890 2892 960 2934 esse
974 2872 1081 2934 alvum
1096 2872 1229 2934 canibus

48 2961 305 3040 SuQcinetum
329 2977 528 3061 perhibetur.

145 3079 189 3144 Si
211 3089 320 3147 autem
345 3105 418 3145 cum
441 3082 491 3146 his
515 3104 554 3145 ea
578 3104 810 3167 comparamus,
835 3103 917 3162 quae
943 3080 983 3143 de
1007 3081 1114 3167 Scylla
1126 3082 1229 3146 Meta-

54 3171 297 3273 111Orphoses
330 3189 442 3268 quales
476 3209 561 3250 nune
595 3187 751 3250 habemus
785 3187 923 3267 tradant,
948 3186 1027 3248 duas
1051 3189 1230 3270 reperimus

60 3257 232 3378 8lelas
263 3294 359 3377 plane
391 3293 476 3355 inter
499 3313 533 3355 se
558 3292 719 3355 diversas:

66 3376 254 3479 Qlteram,
291 3396 362 3459 Nisi
399 3395 515 3479 filiam,
548 3417 629 3480 quae
654 3417 762 3460 amore
786 3394 903 3458 Minois
927 3394 1082 3480 perducta
1105 3403 1230 3483 patrem

71 3492 196 3565 Qrinc
220 3501 348 3565 letifero
373 3501 522 3586 spoliavit
546 3507 578 3564 et
597 3501 630 3563 in
650 3522 743 3564 avem
764 3500 852 3562 cirim
872 3507 995 3563 mutata
1016 3506 1064 3564 est
1084 3500 1229 3583 (Metam.

77 3575 206 3689 Vni,
234 3611 249 3669 1
277 3606 379 3691 sua

84 3702 257 3793 alteram,
283 3710 453 3774 Crataeide
477 3716 587 3773 natam
612 3710 664 3791 (cf.
688 3711 801 3790 Odyss.
816 3709 895 3790 ΧΠ,
914 3711 1001 3793 124),
1015 3733 1096 3797 quae
1117 3710 1231 3774 Glauci

88 3818 218 3881 amore
253 3824 360 3900 spreto
397 3837 415 3879 a
449 3815 540 3878 Circe
564 3816 597 3877 in
621 3824 799 3879 monstrum
822 3816 903 3878 illud
926 3822 1049 3880 mutata
1074 3824 1122 3880 est
1146 3815 1231 3900 quod

95 3928 184 3985 Qurn
224 3920 387 4005 Charybdi
411 3922 444 3983 in
468 3921 549 3983 frete
575 3920 680 3983 Siculo
706 3922 810 3983 nautis
836 3928 901 3983 tarn
926 3922 1128 3984 formidabile
1153 3927 1231 3983 erat.

97 4018 202 4101 (Mer.
228 4029 325 4108 xrrr,
352 4032 415 4092 rao
439 4032 521 4114 sqq.)

156 4136 250 4198 Duae
274 4134 372 4218 igitur
395 4134 457 4197 hae
480 4137 609 4219 puellae
634 4135 840 4219 cognomines
865 4132 939 4194 Am.
965 4131 1027 4211 HI,
1051 4134 1231 4215 l2apoeta

100 4248 241 4318 prorsus
276 4240 527 4302 confunduntur.
566 4239 717 4303 Ceterum
747 4240 807 4302 hoc
841 4259 906 4300 non
940 4237 1115 4299 memoriae
1138 4236 1231 4319 lapsu

104 4352 167 4409 {tut
199 4345 391 4408 narrationis
415 4345 559 4408 socordia
583 4345 703 4409 factum
729 4365 808 4426 esse,
834 4344 891 4407 sed
921 4342 1072 4406 Ovidium
1095 4360 1130 4402 re
1153 4359 1230 4401 vera

108 4451 298 4532 credidisse,
327 4449 466 4535 Scyllam
489 4452 559 4514 Nisi
584 4452 690 4514 filiam
714 4451 747 4514 in
770 4456 947 4513 monstrum
970 4446 1049 4510 illud
1073 4450 1230 4509 mutatam
