3298 5134
871 485 890 546 8

322 693 417 736 onem
452 672 485 734 in
515 670 648 735 edendis
682 668 789 732 Ovidii
825 670 978 754 operibus
1002 667 1159 749 adhibuit,
1183 676 1219 732 ut
1244 673 1313 736 eius
1340 675 1439 740 editio

320 799 422 862 usque
457 777 498 841 ad
532 777 592 841 hoo
627 783 754 860 tempus
788 775 1035 838 fundamentum
1074 776 1236 858 manserit,
1272 800 1335 862 quo
1370 767 1438 844 fere

321 903 432 945 omnes
455 882 760 967 Metamorphoseon
784 879 942 943 editiones
966 879 1118 942 nitantur.
1142 879 1294 966 Amplius
1307 892 1438 969 septua-

320 989 410 1072 ginta
433 1008 554 1069 versus,
578 987 702 1050 utiam
726 984 857 1065 dictum,
882 985 922 1047 ab
947 1005 985 1047 eo
1010 985 1110 1068 spurii
1132 985 1264 1049 iudicati
1288 997 1380 1072 sunt3
1406 997 1439 1054 et

320 1094 374 1177 qui
408 1114 481 1156 eum
511 1092 612 1156 secuti
649 1097 733 1173 sunt,
766 1088 920 1171 Burman,
944 1089 1093 1174 Bentley,
1118 1099 1274 1175 exparte
1298 1095 1437 1178 quadam

321 1195 444 1282 Gierig,
478 1219 597 1282 paucos
632 1203 757 1259 tantum
794 1193 997 1258 addiderunt.
1021 1194 1178 1258 Memoria
1214 1196 1346 1280 dignum
1379 1206 1437 1282 est,

320 1303 403 1365 inter
426 1299 554 1365 Heinsii
579 1303 810 1365 obtrectatores
834 1301 942 1382 fuisse,
975 1301 1029 1384 qui
1054 1308 1162 1363 tamen
1187 1301 1294 1365 cidem
1319 1326 1436 1368 causae

320 1407 487 1488 servirent,
522 1406 558 1469 B.
594 1406 638 1469 H.
673 1405 779 1469 Bothe
816 1413 848 1468 et
882 1405 908 1468 I.
937 1405 981 1467 H.
1006 1405 1100 1487 Voss,
1125 1407 1214 1487 alios,
1238 1429 1335 1492 qnam
1359 1432 1438 1494 quos

319 1512 475 1574 Heinsius
499 1511 591 1574 obolo
615 1517 793 1592 notaverat,
818 1532 929 1573 versus
949 1509 1135 1573 subditicios
1158 1511 1348 1578 iudicantes.

364 1617 415 1679 Ex
438 1617 477 1678 iis
507 1616 561 1700 qui
589 1623 701 1701 postea
725 1615 898 1677 Heinsium
922 1615 1195 1698 impugnaverunt
1218 1619 1433 1682 nominandus

320 1728 368 1784 cst
391 1721 502 1784 Vitus
527 1721 662 1801 Loers,
687 1720 741 1804 qui
769 1720 803 1782 in
826 1719 1027 1804 praefatione
1052 1719 1203 1783 editionis
1227 1743 1305 1785 suae
1320 1723 1435 1804 (1843)

318 1827 459 1888 maxime
501 1825 732 1910 disputandum
767 1845 836 1887 esse
873 1830 967 1908 putat
981 1821 1002 1904 ¹)
1042 1830 1173 1902 ,contra
1209 1829 1435 1891 auctoritatem

319 1940 351 1994 et
374 1931 594 1994 recensionem
617 1930 756 2010 Heinsii,
779 1936 815 1992 ut
839 1929 893 2008 qui
918 1928 1089 2012 plerosque
1113 1929 1229 1992 horum
1253 1932 1433 1996 carminum

319 2038 415 2116 locos,
439 2036 494 2117 qui
518 2035 627 2098 critica
651 2054 712 2119 ope
736 2033 913 2117 indigeant,
927 2032 1067 2116 primum
1080 2054 1234 2098 censurae
1247 2036 1434 2116 subiecerit,

318 2142 472 2222 cuiusque
509 2141 623 2204 audaci
658 2162 694 2203 ac
727 2138 936 2202 tumultuaria
960 2137 1068 2200 critica
1092 2160 1218 2202 summa
1241 2140 1295 2203 illa
1320 2142 1433 2227 depra-

321 2247 404 2309 vatio
429 2253 525 2327 atque
550 2246 722 2330 corruptio,
747 2265 809 2324 qua
823 2243 1100 2326 Metamorphoses
1114 2249 1276 2326 tenentur,
1290 2249 1433 2312 maxima

320 2372 363 2413 ex
396 2357 487 2435 parte
523 2350 667 2434 proiecta
691 2350 725 2410 in
748 2348 888 2427 reliquas
913 2347 1071 2410 editiones
1095 2350 1232 2412 manarit
1236 2401 1359 2415 ......
1383 2354 1437 2416 Ad

319 2457 488 2518 minimum
512 2454 668 2539 nongenti
692 2453 821 2517 suntin
845 2453 911 2515 hoc·
931 2453 1071 2516 carmine
1094 2455 1166 2536 loci,
1190 2475 1270 2536 quos
1285 2479 1437 2542 perversa

320 2561 428 2624 critica
463 2561 532 2623 eius
566 2565 621 2623 aut
656 2560 793 2643 turpiter
826 2559 907 2620 talsa
942 2559 1099 2642 scriptura
1130 2581 1187 2645 pro
1220 2583 1375 2646 germana
1399 2586 1436 2627 ao

320 2666 443 2728 sincera
467 2665 649 2746 substituta,
685 2671 741 2727 aut
764 2665 954 2727 coniecturis
979 2665 1119 2745 tentarit,
1153 2674 1209 2729 aut
1237 2671 1435 2753 argumentis

320 2775 351 2833 et
397 2769 574 2833 rationibus
615 2771 712 2854 plane
754 2769 903 2832 inanibus
945 2790 981 2830 ao
1023 2769 1169 2833 futilibus
1211 2773 1434 2858 suppositioios

319 2875 508 2939 indicarit''.
527 2924 533 2937 .
549 2924 555 2937 .
571 2924 577 2937 .

363 2979 542 3064 Malignum
578 2999 655 3042 sanc
688 2977 841 3041 iudicium
867 2977 906 3040 de
931 2978 999 3039 viro
1026 2979 1143 3057 ,tantis
1166 2988 1313 3044 veterum
1337 2983 1433 3046 libro-

319 3109 390 3150 rum
428 3092 460 3148 et
494 3084 658 3148 doctrinae
695 3083 794 3167 copiis
818 3082 983 3162 instructo,
1008 3084 1136 3162 quantis
1160 3085 1228 3147 fere
1252 3106 1346 3149 nemo
1371 3087 1432 3150 fuit

317 3188 491 3272 unquam'’,
529 3189 589 3269 ,de
624 3187 820 3251 accuratiore
855 3186 1022 3248 intellectu
1047 3195 1143 3269 atque
1166 3189 1432 3274 interpretatione

318 3297 426 3360 Ovidii
448 3297 594 3380 impense
618 3290 763 3356 merito’'.

360 3401 456 3465 Multi
503 3420 579 3463 vero
624 3419 746 3477 versus,
790 3417 870 3477 quos
916 3395 1071 3461 Heinsius
1118 3397 1233 3463 Ouidio
1276 3401 1426 3486 indignos

316 3507 453 3591 putavit,
511 3505 608 3568 etiam
667 3501 822 3566 hodierno
870 3505 1016 3586 tempore
1063 3503 1102 3565 ab
1151 3503 1327 3567 editoribus
1374 3528 1432 3590 pro

315 3612 431 3696 spuriis
478 3609 609 3673 iudicati
656 3614 711 3671 aut
755 3607 869 3669 saltem
906 3607 1022 3670 inclusi
1058 3614 1141 3671 sunt.
1180 3607 1328 3672 Sedecim
1363 3610 1431 3674 fere

314 3717 402 3798 locis,
427 3715 482 3778 ubi
505 3715 560 3777 ille
585 3713 714 3777 obelum
727 3712 845 3796 posuit,
861 3713 929 3774 eius
944 3697 1111 3775 censuram
1125 3715 1225 3776 secuti
1246 3722 1321 3777 sunt
1333 3717 1432 3778 nostri

314 3820 468 3905 temporis
503 3818 651 3882 editores.
685 3817 777 3880 Licet
801 3816 898 3879 fuerit
922 3823 1059 3901 tempus,
1083 3818 1139 3880 ubi
1163 3818 1350 3883 desererent
1373 3821 1432 3883 viri

314 3925 399 3988 docti
422 3923 550 3988 Heinsii
574 3923 660 3986 viam
684 3945 720 3985 ac
744 3923 913 4003 rationem,
936 3921 1033 3984 hodic
1058 3922 1098 3985 ad
1123 3944 1195 3985 eam
1220 3925 1312 3987 multi
1325 3947 1431 3988 rever·

313 4037 424 4094 tuntur
448 4050 583 4114 eamque
607 4027 749 4091 laudant.
775 4027 825 4090 Nc
850 4048 960 4090 omnes
983 4026 1168 4109 afferantur,
1182 4028 1220 4091 Ο.
1234 4029 1270 4092 F.
1288 4029 1432 4116 Gruppe,

311 4135 412 4198 Moriz
436 4135 560 4220 Haupt,
584 4133 774 4198 Alexander
797 4132 906 4214 Riese,
930 4132 1041 4195 Anton
1065 4132 1225 4216 Zingerle,
1237 4133 1313 4198 Otto
1329 4133 1430 4217 Korn,

310 4239 470 4304 Rrinhart
493 4239 637 4321 Suohior,
661 4238 760 4323 Hugo
784 4237 933 4322 Magnus,
950 4236 1087 4300 Iacobus
1106 4237 1245 4302 Ioannes
1259 4239 1431 4323 Hartman,

352 4546 380 4628 It
422 4544 519 4606 Praei.
541 4564 589 4627 pg.
611 4545 655 4604 IV
676 4563 717 4624 sq.
