2956 4958
717 420 758 481 72

176 601 337 664 imitatum
362 622 431 664 essc
456 608 589 665 censent
613 603 681 665 illi?
704 603 816 688 Usque
841 624 878 665 eo
904 601 1035 665 tandem
1055 621 1129 663 cum
1149 600 1301 664 vanitatis

176 707 369 795 processisse
382 709 396 770 Ρ

220 811 355 876 Minime
379 833 465 875 vere.
491 812 649 898 Quicquid
664 837 804 899 unquam
817 815 899 878 ludit
913 822 945 878 et
956 815 1078 877 iocatus
1092 819 1141 875 est
1154 810 1301 893 Ovidius,

176 917 217 981 ad
243 917 311 980 eius
331 917 417 980 nrodi
440 917 562 980 ludicra
582 919 729 982 facienda
751 941 788 982 eo
803 926 948 1004 tempore
966 919 1030 981 iam
1048 938 1113 980 non
1130 917 1160 979 ei
1176 916 1303 979 animus

177 1027 256 1085 erat.

219 1127 355 1210 Prorsus
379 1126 420 1189 ad
444 1128 527 1190 seria
550 1128 653 1212 magis
677 1150 711 1191 se
736 1135 956 1211 converterat,
981 1127 1022 1191 ad
1046 1127 1187 1190 tristiora
1201 1148 1299 1212 quam

173 1231 214 1295 ad
238 1232 389 1295 hilariora
412 1232 569 1316 vergebat
592 1234 737 1316 animus,
762 1256 780 1297 a
803 1233 941 1297 ludibrio
966 1233 1077 1318 procul
1102 1238 1181 1314 erat,
1208 1238 1297 1317 post·

173 1358 269 1421 quam
289 1342 354 1399 tam
377 1337 519 1421 graviter
543 1338 589 1400 ira
614 1338 766 1424 principis
790 1340 979 1424 profligatus
1004 1344 1062 1400 est.
1087 1337 1191 1400 lmmo
1217 1358 1294 1400 vero

173 1441 199 1504 si
230 1446 417 1525 reputamus
451 1439 603 1504 Ovidium
628 1463 670 1505 ex
693 1443 754 1506 hoe
778 1444 847 1528 ipso
872 1449 1021 1528 poemate
1046 1463 1206 1505 summam
1230 1443 1300 1526 glo·

174 1547 253 1609 riam
277 1546 337 1609 sibi
361 1547 550 1630 speravisse,
576 1555 608 1609 ct
631 1547 696 1610 iam
718 1549 752 1611 in
765 1570 802 1612 co
816 1549 914 1611 fuisse
928 1555 964 1611 Πῖ
977 1569 1048 1610 eam
1061 1555 1300 1631 assequeretur,

175 1650 232 1713 sed
265 1657 340 1713 tuno
373 1651 514 1713 maxime
550 1673 568 1713 a
603 1653 758 1737 principe,
792 1658 924 1738 propter
960 1653 1100 1715 earmina
1123 1652 1300 1736 praecipue

175 1755 268 1837 irato,
303 1757 492 1839 gravissima
526 1757 732 1840 relegationis
769 1778 873 1843 poena
910 1758 1060 1821 affectum
1093 1777 1175 1838 esse,
1199 1756 1302 1819 indoli

176 1866 374 1945 naturaeque
410 1862 478 1924 eius
513 1874 763 1925 consentaneum
800 1863 937 1944 videtur,
972 1884 1045 1926 eum
1076 1870 1153 1924 tune
1176 1882 1302 1924 summa

175 1965 401 2050 desperatione
436 1968 618 2050 perculsum
654 1989 734 2052 opus
769 1989 860 2029 suum
897 1967 1095 2030 carissimum
1131 1966 1300 2050 inignem

175 2070 332 2132 iniecisse.
368 2070 476 2132 Etiam
511 2070 571 2133 sibi
601 2072 662 2155 ipsi
687 2093 815 2134 manum
840 2072 959 2134 inferre
984 2072 1017 2133 in
1041 2071 1147 2133 animo
1171 2070 1299 2150 habuit,

178 2175 239 2237 nisi
263 2175 381 2237 amicus
407 2196 480 2238 eum
503 2175 723 2258 retinuisset.¹)
748 2176 813 2239 Sed
838 2198 924 2257 mox,
949 2198 1020 2238 euru
1040 2176 1196 2262 iraatquc
1212 2175 1301 2238 furor

177 2279 242 2342 iam
273 2279 384 2343 sedata
413 2288 528 2361 essent,
560 2303 640 2364 opus
673 2303 765 2344 suum
799 2303 863 2344 non
887 2281 1016 2365 penitus
1040 2302 1110 2344 esse
1135 2281 1300 2343 sublatum

179 2384 272 2447 valde
304 2386 478 2469 gaudebat.
514 2386 586 2449 Hoc
622 2387 706 2448 onim
742 2408 856 2471 poema
882 2389 1113 2470 qualecumque
1138 2393 1186 2448 est
1212 2387 1302 2449 velut

178 2489 353 2574 imaginem
377 2491 424 2552 sui
449 2491 612 2574 agnoseit3
636 2491 744 2553 amicis
768 2491 972 2554 commendat
959 2499 1125 2575 t,eosque
1150 2497 1246 2575 rogat
1265 2497 1302 2553 Πῖ

178 2595 305 2679 legant3
306 2597 330 2677 )
365 2604 513 2681 precam
542 2603 578 2659 Πῖ
601 2596 698 2677 vivat,
722 2598 917 2659 utlectmes
942 2596 1081 2659 deleat
1068 2602 1136 2658 ett
1161 2595 1303 2659 auctoris

179 2699 353 2764 admoneat
340 2701 434 2782 t(vs
461 2701 501 2764 25
526 2703 605 2786 sq.;)
629 2702 757 2785 Arous
745 2710 812 2764 um
827 2709 941 2784 ora
919 2700 1106 2786 sibilegr
1119 2700 1233 2764 rubea
1220 2700 1302 2781 t,(I[

180 2806 242 2868 557
268 2807 349 2921 sqq.)
373 2805 507 2869 Dolett
460 2812 565 2869 tttan
566 2829 631 2888 um,
658 2828 692 2870 se
719 2828 783 2869 non
796 2808 911 2870 melius
924 2807 956 2869 id
970 2807 1131 2892 perpolite
1144 2806 1301 2890 potuisse.

222 2908 268 2972 At
256 2910 333 2994 tqui,
358 2911 402 2973 ita
427 2912 599 2995 quaeritur,
625 2911 783 2995 quomodo
804 2920 876 2975 exst
878 2933 932 2975 are
955 2933 995 2997 po
999 2919 1090 2975 teran
1092 2917 1301 2995 t,postquam

178 3019 275 3097 poeta
302 3014 442 3093 ,viscera
467 3014 544 3078 sua’'
568 3016 601 3077 in
624 3016 700 3099 igne
725 3017 841 3100 posuit.
866 3016 941 3100 lpse
966 3015 1150 3101 respondet,
1177 3016 1302 3100 ,pluri-

179 3118 238 3181 bus
272 3120 429 3204 exemplis
463 3121 579 3205 scripta
547 3122 709 3184 tafuisse
740 3121 841 3185 reor'l
874 3122 925 3184 lta
949 3121 1083 3204 cogitat·
1077 3142 1173 3203 n,on
1196 3122 1301 3205 probe

179 3223 276 3306 igitur
308 3225 437 3287 sciebat.
464 3225 510 3287 Αῖ
534 3227 693 3310 quomodo
717 3226 751 3289 id
774 3227 841 3289 ficri
868 3228 982 3310 potuit,
1008 3233 1044 3290 ut
1068 3228 1160 3311 plura
1186 3247 1302 3289 exem-

180 3328 280 3412 plaria
314 3329 529 3392 scriberentur
553 3331 634 3393 elam
658 3333 727 3415 ipso
753 3334 875 3415 poeta?
899 3334 932 3393 ai
956 3331 1181 3416 autographon
1205 3354 1301 3395 suurn

180 3435 318 3519 cuipiam
349 3434 522 3497 amicorum
556 3434 740 3498 tradidisset
763 3443 799 3497 ut
823 3435 1028 3517 describeret,
1053 3435 1140 3498 haud
1164 3456 1242 3499 sane
1266 3437 1300 3499 id

180 3545 292 3622 postea
323 3539 471 3621 ignorare
506 3540 645 3623 potuit.³)
669 3539 793 3602 Verum
819 3562 884 3603 non
907 3541 984 3603 dicit
1007 3562 1123 3625 poema
1149 3541 1189 3604 ab
1217 3541 1299 3622 aliis,

181 3643 220 3706 ab
244 3643 362 3725 amieis,
386 3642 581 3727 descriptum
605 3645 719 3720 fuisse,
738 3645 794 3708 sed
821 3646 920 3729 ,plu
931 3645 1049 3707 ribus
1083 3647 1299 3730 exemplis

181 3750 393 3833 seriptum
425 3747 565 3812 fuisse.”.

224 3854 339 3916 Nonne
365 3852 397 3915 id
420 3853 488 3915 fieri
508 3855 612 3938 potuit
631 3854 710 3916 clam
730 3856 799 3939 ipso
819 3857 941 3940 poeta?
960 3854 1055 3936 Sane,
1076 3855 1169 3918 facile
1189 3855 1299 3919 admo·

180 3959 256 4023 dum
284 3960 354 4022 fieri
378 3967 433 4044 pot
434 3959 490 4021 uit.
469 3959 552 4021 ῖΕῖ
541 3960 705 4043 pudens
717 3982 782 4023 non
795 3961 916 4045 abipso
930 3981 1035 4043 neque
1048 3960 1088 4023 ab
1102 3982 1222 4044 amieo
1242 3962 1299 4024 sed

179 4064 359 4127 alibrarmio
382 4063 505 4126 Auctor
530 4065 615 4126 enim
639 4065 760 4127 iamin
784 4086 821 4127 co
846 4066 1299 4147 erat,utbrevilrbr0srllos

221 4306 661 4382 1,et‚xP0n019,2rsq.

193 4392 249 4460 2)
291 4386 520 4455 mistim
528 4388 611 4442 -14

220 4469 249 4544 3)
290 4466 337 4523 lta
359 4467 492 4525 Rieseet
511 4467 570 4527 fort
558 4472 633 4527 bisse
655 4466 729 4527 Birt
