3224 5130
728 533 768 595 75

188 715 296 781 Ovidii
328 717 417 780 libris
449 717 679 802 praescribitur
707 719 833 802 potest:
857 712 1097 797 ‘emendaturus
1120 714 1147 777 si
1170 716 1313 781 licuisset

188 820 299 886 erat'.’'

210 1007 212 1010 ι
231 924 317 998 Quid
341 924 395 988 alii
419 924 459 987 de
483 925 532 987 his
556 925 645 988 libris
674 924 897 1004 iudicaverint,
911 923 1053 986 hocloco
1068 923 1172 988 omitti
1186 933 1313 1010 potest;

185 1053 260 1095 nam
285 1050 368 1114 quae
393 1051 488 1114 supra
513 1029 553 1092 de
579 1029 737 1094 Ovidiana
762 1027 852 1114 paesi
871 1028 1022 1091 universa
1036 1048 1078 1090 ex
1092 1032 1311 1115 compluribus

186 1135 322 1199 saeculis
346 1135 443 1198 allata
467 1141 551 1216 sunt,
576 1136 766 1220 plerumque
791 1132 965 1219 praecipue
990 1131 1030 1194 ad
1056 1132 1188 1198 Metam.
1221 1157 1311 1221 spee-

186 1245 266 1304 tant.
290 1239 334 1302 Et
357 1239 442 1324 quod
465 1238 598 1303 Metam.
622 1240 711 1303 libris
734 1239 849 1302 ultima
872 1237 949 1299 lima
973 1235 1095 1318 deerat,
1122 1240 1313 1304 nonnefieri

186 1350 304 1430 potest,
328 1350 365 1407 ut
388 1344 421 1406 id
445 1344 479 1407 in
503 1366 598 1408 eausa
623 1344 730 1423 fuerit,
755 1364 810 1405 aur
834 1340 968 1424 Seneca,
993 1343 1047 1426 qui
1071 1343 1215 1428 alioquin
1233 1344 1311 1409 Ovi-

187 1449 276 1512 dium
306 1449 481 1512 admiratus
506 1454 564 1530 est,
589 1449 743 1512 nonnulla
767 1447 801 1511 in
825 1468 863 1510 eu
888 1447 1087 1531 vituperaret
1112 1454 1144 1512 et
1169 1451 1311 1514 maxime

189 1553 406 1626 Quintilianus
442 1555 633 1638 plerumque
671 1574 745 1616 eum
779 1549 1035 1637 reprehenderet
1069 1553 1179 1637 potius
1217 1577 1312 1639 quam

187 1658 361 1722 laudaret?
387 1657 568 1744 Praecipue
593 1681 665 1721 eum
690 1679 728 1721 ea
753 1677 835 1741 quae
860 1657 900 1719 ab
925 1661 1061 1740 utroque
1086 1658 1312 1739 vituperentur

189 1762 295 1825 omnia
319 1764 372 1825 vel
393 1784 495 1847 prope
520 1765 627 1827 emnia
651 1784 694 1826 ex
716 1762 850 1825 Metam.
875 1768 1003 1846 sumpta
1027 1762 1100 1825 siut.

233 1867 465 1931 Recentiorum
495 1888 559 1930 uno
594 1873 720 1931 tantum
752 1866 870 1930 iudicio
898 1871 1086 1930 contentum
1110 1888 1180 1931 esse
1203 1869 1310 1950 liceat,

190 1978 286 2056 atque
320 1992 369 2053 ee,
404 1971 489 2055 quod
522 1971 566 2035 M.
601 1972 734 2035 Sohanz.
770 1969 886 2033 Geseh.
919 1971 949 2033 d.
987 1992 1012 2033 r.
1036 1970 1074 2034 L.
1099 1971 1144 2053 H,
1168 1995 1220 2058 pg.
1249 1976 1310 2037 128

190 2076 297 2139 dedit:
315 2074 436 2157 „Ovids
451 2076 735 2162 Metamorphosen
748 2077 855 2160 gaben
868 2075 925 2138 der
940 2076 1121 2140 ritmisehen
1133 2077 1312 2142 Litteratur

191 2181 247 2245 das
271 2180 422 2244 sahtnste
446 2181 551 2245 Werk
575 2181 632 2246 der
656 2180 874 2244 eraahlenden
896 2179 1044 2243 Poesie.'’
