2956 4958
707 368 748 426 ca

344 548 457 614 infelix
483 547 603 610 domini
628 549 713 631 quod
738 550 814 632 fuga
838 549 924 634 rupit
948 570 1038 634 opus.

214 661 252 721 15
299 656 391 719 llaec
416 675 476 739 ego
501 653 679 735 discedens,
704 655 785 716 sicut
809 653 891 716 bone
915 655 1016 717 nndta
1039 676 1197 738 meorum,

343 762 412 845 ipso
438 781 509 822 rnoa
534 760 625 844 posui
650 767 791 822 moestus
815 757 848 820 in
872 759 947 843 igno
972 781 1079 823 manu.

305 865 410 949 thue
435 884 592 926 cremasse
616 885 709 925 suum
733 862 834 925 fertur
859 864 917 926 sub
942 865 1051 948 stipite
1075 873 1189 928 natum

344 969 494 1032 Thestias
513 978 546 1031 et
569 969 682 1031 melior
705 976 806 1031 matre
831 969 928 1031 fuisse
953 990 1052 1051 soror,

299 1076 343 1138 sic
367 1096 427 1158 ogo
452 1095 516 1136 non
539 1074 670 1136 meritos
695 1095 818 1136 mecum
844 1075 987 1157 peritura
1010 1075 1137 1138 libellos

213 1186 254 1244 21)
346 1181 482 1264 imposui
506 1179 626 1264 rapidis
651 1181 772 1242 viscora
796 1187 905 1242 nostra
928 1180 1038 1263 rogist'

299 1287 352 1349 vel
375 1284 461 1369 quod
485 1306 571 1348 eram
596 1284 716 1365 Musas,
740 1293 776 1348 ut
799 1285 932 1348 crimina
955 1292 1075 1367 nostra,
1099 1307 1245 1371 perosus,

343 1391 395 1452 vel
420 1389 505 1474 quod
530 1389 634 1452 adhuc
658 1411 802 1453 crescens
827 1397 859 1452 et
884 1389 962 1453 rude
987 1411 1116 1454 carmen
1141 1399 1222 1455 erat.

301 1495 391 1567 Quae
416 1495 566 1579 quoniam
590 1516 655 1558 non
678 1502 752 1557 sunt
775 1496 904 1579 penitus
928 1495 1064 1576 sublata,
1085 1496 1142 1559 sed
1162 1501 1292 1578 extant,

345 1600 490 1684 pluribus
515 1601 673 1685 exemplis
697 1601 814 1685 scripta
838 1600 936 1663 tuisse
961 1622 1042 1664 reor.

213 1709 254 1767 25
301 1704 396 1767 Nunc
420 1726 541 1788 precor,
567 1712 602 1768 ut
626 1705 736 1768 vivant
760 1712 792 1768 et
816 1726 880 1767 uon
904 1706 1020 1789 ignava
1045 1706 1212 1790 legentem

346 1810 410 1872 otia
434 1810 596 1873 delectent
620 1810 877 1894 admoneantque
901 1812 974 1873 mei.

302 1914 371 1977 Neo
396 1922 504 1978 tamen
528 1915 582 1978 illa
605 1917 671 2000 logi
695 1922 849 2001 poterunt
872 1917 1033 2000 patienter
1057 1917 1097 1979 ab
1121 1918 1199 1999 ulle,

345 2020 467 2083 nesciet
490 2020 541 2083 his
564 2043 722 2084 summam
747 2022 772 2083 si
797 2023 866 2105 quis
891 2022 1003 2084 abesse
1028 2043 1169 2085 manum.

301 2125 457 2189 Ablatum
481 2125 595 2189 mediis
619 2148 698 2210 opus
723 2134 771 2189 est
795 2126 963 2190 incudibus
987 2127 1076 2209 illud,

213 2235 254 2293 30
345 2229 448 2292 defuit
472 2237 504 2293 et
528 2230 652 2314 scriptis
676 2231 789 2293 ultima
812 2231 889 2294 lima
912 2231 1002 2294 meis.

299 2333 342 2397 Et
365 2335 493 2397 veniam
517 2356 574 2419 pro
598 2334 694 2397 laude
718 2343 804 2420 peto,
828 2335 978 2398 laudatus
1002 2335 1141 2416 abunde,

345 2460 409 2502 11011
433 2439 593 2502 fastiditus
617 2439 643 2503 si
667 2440 736 2521 tibi,
759 2441 869 2522 lector,
895 2463 959 2505 oro.

303 2544 374 2608 Hos
398 2566 524 2630 quoque
548 2566 607 2608 sex
630 2567 750 2627 versus,
774 2546 807 2607 in
831 2547 933 2630 prima
956 2546 1061 2609 fronte
1085 2545 1187 2609 libelli
1201 2547 1224 2629 ¹)

348 2650 374 2713 si
397 2650 642 2736 praeponendos
667 2671 736 2714 esse
760 2650 898 2735 putabis,
922 2650 1022 2714 habe:

217 2757 257 2818 35
304 2753 401 2836 ,Orba
424 2762 560 2840 parente
584 2777 640 2818 suo
665 2756 856 2840 quicumque
880 2756 1045 2818 volumina
1069 2756 1185 2840 tangis,

348 2860 397 2922 his
422 2861 536 2923 saitem
560 2867 666 2924 restra
691 2860 784 2923 detur
807 2860 840 2923 in
864 2860 943 2923 urbe
967 2861 1071 2924 locus!

305 2962 439 3048 Quoque
467 2965 569 3049 magis
594 2966 721 3028 faveas:
745 2964 825 3028 haec
848 2987 912 3028 non
936 2971 1010 3028 sunt
1034 2965 1121 3029 edita
1144 2967 1186 3030 ab
1208 2967 1295 3052 ipso,
1349 2986 1353 2994 ·

348 3068 405 3132 sed
430 3070 519 3153 quasi
543 3070 584 3132 de
608 3069 730 3133 domini
753 3070 866 3133 funere
890 3077 982 3156 rapta
1006 3071 1065 3134 sui.

304 3172 462 3259 Quicquid
485 3175 519 3239 in
543 3175 592 3238 his
616 3175 715 3261 igitur
738 3176 807 3239 vitii
831 3176 911 3239 rude
936 3197 1065 3239 carmen
1088 3176 1232 3259 habebit,

214 3282 257 3342 40
348 3280 586 3363 emendaturam,
610 3281 636 3344 si
659 3281 811 3363 licuisset,
836 3280 945 3344 eram'.

216 3464 304 3527 Luco
340 3465 454 3527 clarius
489 3465 570 3528 haec
604 3471 762 3530 testantur
797 3474 927 3551 poetam
963 3466 1003 3529 110
1038 3472 1200 3552 postremo
1235 3491 1295 3533 suo

175 3576 333 3653 poemate,
366 3590 384 3631 a
409 3591 470 3653 quo
495 3576 560 3633 tam
584 3592 702 3655 magna
726 3572 928 3657 speravisset,
953 3593 1151 3657 magnopere
1175 3574 1296 3638 sollici·

174 3680 242 3736 tum
278 3673 385 3754 inisse,
411 3674 495 3758 quod
520 3698 676 3739 summam
704 3699 835 3740 manum
859 3676 1012 3740 adhibere
1036 3698 1101 3740 non
1125 3678 1296 3762 potuisset.

178 3776 272 3850 Quod
307 3779 390 3840 serio
429 3780 468 3841 ab
507 3801 545 3843 eo
581 3780 699 3843 dietum
736 3803 816 3863 esse,
842 3803 883 3844 ex
920 3802 957 3844 00
994 3782 1117 3866 opinor,
1147 3793 1298 3868 apparet,

176 3883 260 3968 quod
283 3883 401 3945 iterum
441 3887 558 3948 amicos
581 3885 887 3971 Metamorphoseon
911 3887 1089 3968 admonuit,
1114 3909 1185 3951 cum
1210 3891 1296 3954 alias

151 3995 253 4073 ‘quas
288 3987 321 4050 in
356 3987 471 4051 itincre
495 3990 624 4053 fecisset
649 3993 770 4076 elegias
795 3993 827 4055 in
852 4014 950 4055 unum
973 3991 1118 4055 libellum
1143 3994 1297 4059 collectas

176 4338 268 4474 rblir
288 4339 342 4395 rh.
373 4337 452 4407 Birt,
483 4341 533 4398 das
555 4342 665 4399 Antike
698 4343 876 4402 Buohwcssn
904 4362 951 4417 pg.
973 4342 1020 4411 30,
1043 4344 1161 4400 mavult
1182 4343 1297 4420 legere:

188 4437 236 4474 10
260 4435 293 4475 10.
