3298 5134
782 495 824 558 43

243 681 368 761 atriolo,
392 680 425 743 in
452 701 513 765 quo
539 679 619 742 duos
635 681 782 764 ¹grandes
807 685 1027 766 praetextatos
1051 679 1096 743 ait
1121 699 1229 742 secum
1253 679 1362 743 decla·

244 805 358 866 masse,
393 785 484 869 potui
519 781 632 847 adesse
667 785 811 870 illudque
835 783 1003 870 ingenium
1031 833 1037 846 .
1065 833 1072 847 .
1103 833 1110 847 .
1137 833 1144 847 .
1170 803 1363 869 cognoscere

244 897 308 954 et.
333 939 339 952 .
368 938 374 953 .
401 939 408 952 .
435 889 542 953 vivam
567 910 679 952 vocem
701 889 845 954 audire.'’
988 901 990 906 ’

288 995 321 1058 18
356 994 464 1078 igitur,
496 1015 568 1057 oum
590 993 716 1058 Romae
740 997 873 1080 longum
897 1001 1026 1079 tempus
1050 999 1171 1058 tereret
1194 993 1363 1056 audiendis

243 1100 424 1164 oratoribus
448 1106 481 1162 et
504 1100 696 1181 rhetoribus,
722 1099 875 1164 Ovidium
899 1119 1026 1184 quoque
1051 1099 1175 1184 optime
1199 1098 1364 1182 cognitum

242 1205 394 1285 habebat,
427 1204 593 1288 multaque
630 1204 670 1267 de
708 1225 746 1268 eo
781 1211 900 1268 narrat.
936 1204 1050 1288 Longe
1082 1209 1191 1266 tamen
1213 1203 1362 1288 plurima,

243 1329 325 1393 quae
359 1308 399 1372 de
423 1329 462 1371 eo
486 1308 627 1389 tradidit,
651 1315 762 1372 utres
786 1309 856 1394 ipsa
880 1309 952 1389 fert,
977 1308 1018 1373 ad
1042 1314 1145 1372 artem
1169 1308 1363 1372 declamato-

243 1414 324 1477 riam
348 1420 506 1499 spectant.

286 1518 340 1582 Fx
374 1519 443 1582 eius
477 1516 566 1581 libris
601 1519 697 1600 enim,
723 1517 837 1602 quibus
860 1525 927 1582 tam
951 1517 1155 1603 perspicuam
1179 1517 1364 1582 declamati-

131 1633 135 1639 “
244 1644 342 1687 onum
389 1631 422 1687 et
465 1622 718 1686 declamatorum
752 1623 928 1708 imaginem
963 1623 1120 1707 imprimis
1154 1623 1264 1687 liberis
1299 1623 1364 1687 suis

241 1727 287 1791 M.
333 1728 470 1791 Annaeo
512 1727 650 1809 Novato,
697 1727 735 1791 L.
780 1727 918 1792 Annaeo
953 1727 1107 1810 Senecae,
1144 1727 1188 1790 M.
1226 1726 1364 1790 Annaeo

242 1833 349 1897 Melae
373 1832 532 1918 depinxit,
557 1831 710 1896 Ovidium
732 1832 848 1896 Arellii
871 1833 967 1898 Fusci
982 1832 1003 1914 ¹)
1028 1833 1165 1897 rhetoris
1183 1831 1364 1896 auditorem

243 1944 275 2001 et
303 1937 497 2022 discipulum
519 1937 617 2001 luisse
641 1937 803 2019 scimus2).

286 2044 432 2108 Maxime
466 2065 543 2108 vero
579 2044 625 2107 M.
657 2044 764 2108 Porcii
787 2044 937 2108 Latronis
950 2045 973 2124 ³)
997 2042 1172 2105 admirator
1196 2040 1267 2122 fuit,
1292 2062 1365 2105 oum

243 2149 406 2213 diversum
442 2149 631 2232 sequeretur
659 2148 787 2212 dicendi
810 2169 924 2233 genus.
951 2146 1065 2227 „Adeo
1088 2151 1198 2209 autem
1222 2144 1365 2209 studiose

243 2254 419 2318 Latronem
453 2253 565 2335 audiit,
588 2260 625 2316 ut
648 2254 766 2316 multas
790 2254 875 2316 1111118
898 2252 1075 2316 sententias
1098 2251 1133 2313 in
1156 2270 1268 2313 versus
1291 2270 1365 2313 suos

244 2357 475 2422 transtulerit.''
509 2357 617 2421 Huius
652 2358 699 2420 rei
735 2357 900 2421 aSeneca
924 2357 1111 2441 exemplum
1136 2355 1279 2420 affertur.
1306 2355 1366 2436 ,In

243 2485 405 2528 armorum
439 2463 557 2526 iudicio
593 2462 722 2525 dixerat
744 2461 860 2526 Latro:
886 2463 1061 2544 ,mittamus
1085 2483 1175 2525 arma
1198 2460 1232 2524 in
1256 2461 1365 2526 hostes

245 2576 278 2633 et
300 2567 469 2654 petamus'.
494 2567 581 2632 Naso
609 2568 709 2631 dixit:

379 2693 489 2776 ,Arma
524 2691 583 2755 viri
619 2692 710 2756 fortis
745 2691 868 2754 medios
904 2692 1074 2755 mittantur
1104 2693 1138 2754 in
1161 2690 1289 2773 hostes3

378 2798 453 2862 inde
477 2797 587 2860 iubete
611 2795 699 2881 peti’.
725 2794 743 2822 ”
756 2793 779 2878 ⁴)

293 2940 355 3021 ,Et
390 2940 488 3003 alium
526 2960 569 3002 ex
602 2939 657 3002 illa
692 2937 835 3002 suasoria
871 2958 1000 3002 sensum
1034 2960 1136 3023 aeque
1182 2937 1365 3002 aLatrone

291 3034 456 3108 mutuatus
480 3044 558 3108 est.’'
749 3035 752 3042 ⁴

291 3149 436 3212 Tertium
472 3149 659 3233 exemplum
684 3158 915 3212 commemorat
944 3149 1084 3212 Seneca:
1121 3146 1276 3227 ,Memini
1300 3145 1365 3209 La·

291 3260 415 3318 tronem
436 3254 469 3316 in
488 3252 696 3338 praefatione
709 3252 848 3336 quadam
868 3253 985 3333 dicere,
1005 3252 1091 3336 quod
1104 3250 1262 3330 scolastici
1275 3250 1366 3334 quasi

291 3380 420 3424 carmen
444 3357 639 3421 didicerant:
666 3379 739 3440 ,non
764 3357 853 3420 vides
878 3363 913 3420 ut
936 3358 1069 3420 immota
1092 3356 1149 3420 fax
1173 3364 1310 3441 torpeat,
1330 3363 1366 3419 ut

256 3529 398 3536 -———-

290 3603 317 3674 1)
358 3601 491 3658 Arellius
512 3600 625 3658 Fuscus
648 3600 742 3658 maior
763 3603 836 3658 natu
859 3603 921 3656 erat
943 3617 1032 3672 quarn
1055 3596 1172 3663 Seneca,
1191 3597 1247 3672 qui
1264 3595 1365 3656 Contr.

249 3681 278 3738 11
306 3680 397 3755 praef.
421 3681 435 3738 1
458 3679 576 3738 dicendi
597 3697 689 3756 genus
711 3679 774 3736 eius
796 3677 947 3736 describit.
970 3678 1092 3736 Praeter
1114 3677 1256 3735 Ovidium
1277 3677 1365 3735 disci·

249 3760 335 3836 pulus
356 3760 419 3819 eius
439 3760 613 3820 nominatur
634 3758 770 3833 Papirius
790 3757 952 3816 Fabianus.

290 3842 320 3916 2)
362 3839 464 3898 Contr.
485 3839 525 3909 ΙΙ,
549 3840 595 3905 10,
617 3841 644 3897 8.
1312 3885 1320 3905 ,

289 3922 319 3993 3)
362 3921 399 3978 M.
431 3919 553 3978 Porcius
584 3919 683 3986 Latro,
715 3917 875 3992 HIspanus,
907 3917 1042 3991 aprima
1063 3916 1195 3991 pueritia
1214 3934 1308 3990 usque
1329 3916 1367 3974 ad

251 4000 391 4059 ultimum
424 4001 502 4058 diem
532 3998 690 4056 familiaris
719 3996 852 4056 Senecae.
875 3997 1081 4071 Oondiscipuli
1111 4000 1196 4054 erant
1224 3990 1317 4054 Latr‘o
1338 4002 1368 4052 et

251 4078 357 4138 Seneca
387 4083 500 4139 Romae
530 4078 608 4154 apud
638 4076 804 4134 Marullum
837 4077 993 4135 rhetorem.
1027 4075 1150 4134 Dicendi
1181 4093 1275 4149 genus
1304 4075 1367 4133 eius

252 4159 430 4218 describitur
451 4180 468 4216 a
490 4158 606 4224 Seneca,
628 4155 729 4214 (lontr.
750 4157 765 4215 I
788 4157 877 4232 praef.
901 4159 1026 4215 13--24,

292 4239 437 4314 Discipuli
469 4238 534 4295 eius
564 4241 648 4293 crant
668 4235 801 4304 Ovidius,
822 4235 941 4306 Florus,
962 4237 1089 4294 Fulvius
1110 4235 1248 4310 Sparsus,
1272 4233 1369 4292 Abro-

252 4319 317 4376 nius
347 4319 432 4378 Stilo.
463 4317 553 4390 Apud
585 4315 732 4375 Romanos
763 4317 886 4375 Latroni
918 4317 1054 4388 contigit,
1086 4321 1121 4374 ut
1149 4314 1286 4390 discipuli
1310 4331 1367 4370 uon

251 4398 350 4456 audiri
384 4397 590 4465 desiderarent,
622 4398 671 4454 sed
703 4395 835 4455 contenti
865 4402 960 4455 essent
980 4397 1092 4454 audire.
1115 4396 1245 4466 (Seneca,
1266 4393 1373 4452 Contra

293 4561 324 4635 4)
365 4558 488 4616 Motum.
508 4553 592 4630 XIII,
616 4559 671 4616 121
692 4555 734 4632 sq.
