3224 5130
790 481 830 542 62

260 701 263 710 ·
295 659 377 744 „Die
412 660 555 745 Ucbung
589 661 647 725 dar
670 661 920 745 Rhctcrschule,
945 662 1067 726 welche
1094 661 1209 726 darauf
1231 661 1375 746 ausging

294 768 358 831 den
391 766 641 852 aufgegebenen
678 767 763 833 Stcff
797 789 879 852 ganz
903 790 943 831 zu
967 767 1234 852 erschbpfen,alle
1261 766 1375 831 Seiten

293 894 349 936 aur
372 869 517 956 Geltung
539 893 579 935 nu
602 873 740 958 bringen
762 873 830 938 und
845 875 923 957 jene
942 872 1201 936 verfiihrerischc
1222 870 1372 935 Gaben’'.

291 975 524 1060 (Leiehtigkeit
568 975 624 1040 des
668 977 846 1059 Schaffena
898 975 1008 1040 electe
1043 977 1101 1040 dei
1136 977 1248 1054 Ferm)
1295 977 1374 1056 „des

293 1081 445 1145 Dichters
489 1082 758 1146 iiberwucherten
801 1081 968 1146 biswcilen
1012 1081 1075 1145 den
1115 1080 1376 1144 kiinstlerisehen

294 1185 515 1250 Geschmaek:
562 1207 596 1249 cs
642 1186 752 1251 werde
797 1187 866 1250 ihm
902 1187 1025 1250 schwcr
1059 1187 1155 1250 einen
1191 1187 1262 1270 Zug
1297 1185 1377 1249 eder

293 1291 414 1356 Eintall
438 1313 478 1355 nu
501 1290 763 1356 unterdriieken''
779 1339 785 1352 .
801 1342 807 1357 .
824 1314 936 1357 new.

249 1395 314 1461 Hic
350 1397 460 1482 igitur,
492 1418 687 1482 quamquam
723 1397 867 1482 Scaliger
903 1398 1028 1461 monuit
1061 1396 1123 1460 hcc
1160 1396 1276 1460 Ovidic
1308 1403 1377 1460 tam

250 1501 330 1566 falso
367 1523 463 1586 quam
498 1502 658 1566 immerite
697 1503 858 1566 obiectum
896 1522 976 1583 esse,
1012 1502 1162 1586 neglecto
1196 1507 1307 1564 tamen
1337 1521 1377 1563 ee

251 1606 334 1669 redit
363 1606 404 1669 ad
428 1605 572 1670 Senecae
597 1628 778 1672 censuram:
804 1607 916 1689 ‘nescit
940 1606 1026 1691 qued
1048 1606 1133 1670 bene
1158 1606 1254 1670 cessit
1277 1607 1377 1669 relin-

253 1710 377 1796 quere’3
406 1711 561 1797 illudque,
588 1712 673 1798 qued
696 1713 819 1776 Nasoni
842 1712 1010 1797 preprium
1033 1712 1130 1774 fuisse
1155 1733 1228 1774 cum
1253 1710 1377 1774 Seneca

252 1824 284 1879 et
318 1815 460 1880 Bceckie
497 1817 656 1880 censentit
691 1818 850 1899 Ribbeck,
887 1839 930 1880 ex
954 1815 1191 1880 declamatoriis
1215 1817 1375 1880 exercita·

254 1921 393 1984 tionibus
418 1927 524 1986 eitum
548 1943 619 1986 esse
642 1910 819 1985 iectissime
844 1922 979 1986 fortasse
999 1922 1178 1986 contendit.

297 2026 361 2090 Sed
384 2027 417 2090 in
442 2048 595 2091 versuum
630 2026 875 2112 pangendcrum
906 2027 1038 2091 artificio
1063 2024 1221 2092 summam
1245 2024 1376 2088 laudem

255 2132 284 2194 ei
308 2132 429 2215 tribuit,
453 2155 507 2219 pg.
535 2134 615 2197 340:

273 2227 277 2232 ¹
300 2236 418 2318 „Seine
442 2237 545 2302 Verse
567 2284 643 2302 ....
668 2239 783 2322 perlen
805 2236 872 2300 und
895 2237 1018 2322 gleiten
1041 2238 1101 2301 wie
1118 2235 1375 2300 sanftrieselnde

298 2340 431 2406 Wellen
454 2343 544 2406 eines
569 2341 830 2425 durchsichtigen
852 2341 978 2405 Baehes
1002 2340 1131 2405 dahin.'’
1208 2375 1211 2379 ·

256 2501 346 2573 Quae
381 2502 451 2565 laus
476 2501 516 2566 ad
551 2523 712 2565 summum
747 2500 911 2585 fastigium
949 2501 1096 2564 evehitur
1137 2522 1155 2562 a
1185 2498 1376 2562 Lucianc

254 2605 430 2688 Miller,
455 2607 593 2670 cama
616 2627 671 2692 pg.
697 2607 757 2669 96:

301 2709 407 2792 „Quid
431 2711 604 2796 perfectius
629 2710 764 2774 disticho
790 2707 991 2772 Ovidian0?”

255 2837 308 2901 pg.
346 2818 427 2879 522:
466 2817 665 2899 „(Hic)...·
701 2814 918 2900 principatum
954 2813 1041 2878 haud
1065 2814 1163 2877 dubie
1186 2819 1277 2876 tenet
1300 2813 1377 2876 artis

299 2917 436 2984 Latinae
453 2970 459 2984 .
475 2970 481 2984 .
497 2970 526 2984 ..
561 2919 668 3000 huius,
697 2924 774 3004 quet
798 2924 871 2982 sunt
895 2939 1016 3002 versus,
1041 2917 1177 2982 tetidem
1200 2925 1275 2981 sunt
1299 2918 1375 2980 arti-

300 3023 371 3088 ficia
407 3032 527 3091 et....
564 3045 637 3088 cum
669 3022 789 3086 sentias
809 3028 911 3086 artem
929 3025 1036 3088 inesse
1055 3045 1214 3087 sumniam
1232 3023 1376 3085 laborem

302 3130 510 3213 persentiscis
533 3127 692 3193 nullum.”
