3298 5134
884 517 924 580 22

345 700 436 780 63sq.
473 705 529 780 „tu
553 719 692 782 quoque,
717 702 743 764 si
767 701 883 764 falsum
908 708 956 765 est
979 704 1128 766 temerati
1153 705 1275 770 crimen
1306 709 1413 791 amici,

486 896 488 901 ³
521 805 687 889 sanguinis
711 812 807 888 atque
833 807 960 869 animae
984 806 1119 892 prodige
1146 808 1239 874 Galle
1264 812 1372 876 tuae.”

381 927 638 1014 'Vergilium
689 930 769 992 vidit
821 936 948 994 tantum
994 931 1104 1012 (Trist.
1129 932 1188 1016 IV,
1216 937 1266 1016 10,
1293 938 1360 1020 51);
1401 959 1467 1001 non

344 1033 443 1118 igitur
466 1025 607 1116 audirit3
633 1034 691 1098 sed
713 1037 882 1120 permagni
906 1057 981 1099 eum
994 1036 1079 1118 fecit,
1093 1038 1181 1118 quod
1194 1045 1332 1104 testatur
1346 1041 1388 1106 A.
1402 1042 1465 1124 ΠΙ,

346 1143 421 1222 338,
448 1140 505 1204 ubi
528 1141 612 1204 inter
635 1141 776 1204 carmina
799 1162 882 1222 quae
905 1143 1021 1228 puellis
1034 1143 1174 1227 legenda
1187 1147 1467 1213 commendantur,

345 1244 635 1328 Aeneisaffertur,

525 1370 609 1431 „quo
643 1351 768 1414 nullum
802 1350 896 1414 Latio
929 1352 1044 1415 clarius
1068 1359 1159 1417 extat
1182 1354 1292 1440 opus.’'

391 1499 619 1563 Tibullum
654 1498 827 1562 admodum
860 1506 1033 1564 veneratus
1069 1508 1126 1565 est.
1162 1502 1226 1566 Sed
1254 1526 1333 1584 „nec
1357 1528 1467 1570 amara

346 1603 475 1667 Tibullo
499 1609 626 1688 tempus
651 1603 810 1667 amicitiae
834 1605 900 1668 fata
924 1605 1043 1668 dedere
1067 1606 1190 1670 meae'’.
1215 1607 1323 1688 (Trist.
1338 1609 1397 1692 IV,
1414 1612 1466 1691 Ι10,

348 1711 386 1772 51
424 1710 484 1791 sq).
519 1708 658 1771 Mortem
689 1709 758 1771 eius
787 1708 967 1794 deploravit
990 1710 1124 1794 pulchra
1148 1711 1203 1774 illa
1227 1713 1343 1796 elegia,
1367 1733 1464 1795 quam

346 1812 469 1898 recepit
490 1813 575 1876 inter
597 1810 746 1893 Amores,
770 1812 833 1883 ΙΙΙ,
858 1817 889 1876 9.

395 1961 630 2024 Horatium
665 1980 740 2023 vero
764 1961 892 2046 saepius
916 1960 1049 2042 audivit,
1075 1961 1169 2026 Trist.
1194 1963 1253 2045 IV,
1280 1967 1331 2046 10,
1352 1969 1393 2028 49
1418 1986 1466 2046 sq.

485 2065 654 2146 „Detinuit
677 2071 801 2128 nostras
826 2086 1016 2129 numerosus
1042 2066 1197 2130 Horatius
1224 2089 1328 2150 aures,

526 2169 604 2232 dum
627 2169 702 2232 ferit
723 2168 870 2233 Ausonia
894 2171 1035 2233 carmina
1059 2171 1145 2233 culta
1167 2171 1268 2256 lyra.''

391 2318 496 2382 Maior
519 2318 650 2401 quidem
672 2324 750 2382 natu
775 2319 836 2383 fuit
859 2319 916 2384 sed
929 2319 1181 2383 familiaritatem
1196 2321 1468 2406 quandamprae-

350 2422 431 2486 stitit
465 2422 580 2486 Ouidio
614 2421 834 2486 Aemilius
869 2423 1021 2486 Macer.
1059 2423 1154 2488 Trist.
1190 2424 1249 2506 IV,
1277 2425 1326 2498 10,
1352 2428 1393 2488 43
1418 2445 1467 2506 sq.

485 2526 609 2612 „Saepe
632 2549 706 2590 suas
729 2529 875 2592 volucres
898 2529 979 2612 legit
1002 2529 1081 2592 mihi
1103 2528 1256 2613 grandior
1276 2550 1356 2592 aevo

527 2653 674 2714 quaeque
697 2639 792 2696 necet
815 2654 957 2719 serpens,
982 2654 1065 2714 quae
1088 2635 1179 2697 iuret
1202 2634 1303 2697 herba
1325 2633 1468 2697 Macer.'’

394 2780 559 2862 Aequales
597 2788 704 2845 autem
738 2783 805 2846 fere
831 2781 938 2846 Ovidii
962 2791 1054 2846 erant
1078 2791 1110 2846 et
1134 2783 1287 2847 sodalicio
1312 2782 1342 2844 ei
1365 2782 1468 2844 iuncti

336 2886 549 2971 :Propertius
572 2886 736 2967 Ponticus,
750 2887 889 2967 -Bassus,
914 2886 1024 2968 Carus,
1049 2886 1216 2951 Cornelius
1240 2887 1404 2950 Serverus.

397 2990 551 3054 Sextus
597 2990 870 3076 Propertius,
920 2992 1052 3072 „tener”
1089 2999 1121 3055 ct
1158 2990 1335 3072 „blandus”
1370 2998 1469 3077 poeta
1556 3021 1560 3026 ·

352 3094 543 3179 appellatur.
567 3092 662 3157 Trist.
687 3094 746 3176 IV,
773 3098 823 3176 10,
849 3097 890 3158 45
915 3115 978 3177 sq.:
1490 3103 1492 3106 ’

487 3197 611 3282 „Saepe
644 3219 717 3261 suos
743 3198 855 3261 solitus
881 3200 1015 3263 recitare
1039 3200 1228 3287 Propertius
1252 3202 1343 3287 ignes

526 3302 595 3365 iure
619 3302 771 3381 sodalicio
796 3305 850 3388 qui
874 3305 953 3367 mihi
977 3306 1104 3369 iunctus
1129 3305 1228 3368 erat.’'

393 3433 606 3496 Ponticus
642 3439 675 3496 et
708 3433 883 3516 Bassus,
907 3435 1044 3515 ib.47sq.

484 3536 657 3617 „Ponticus
686 3537 795 3619 heroo,
808 3537 927 3602 Bassus
939 3558 1068 3619 quoque
1082 3540 1186 3603 clarus
1198 3540 1312 3604 iambis

526 3640 632 3704 dulcia
656 3641 820 3705 convictus
843 3643 989 3706 membra
1012 3643 1103 3706 fuere
1128 3643 1222 3706 mei”.

392 3792 536 3876 Carus,
573 3795 613 3858 ad
637 3817 735 3877 quem
760 3818 803 3860 ex
824 3797 862 3860 P.
887 3796 946 3878 IV,
975 3801 1033 3862 13:

416 3901 430 3961 1
481 3897 530 3980 ,Ο
565 3900 644 3963 mihi
667 3922 733 3964 non
755 3901 870 3970 dubios
895 3902 979 3965 inter
1004 3902 1212 3966 memorande
1237 3903 1362 3966 sodales

523 4005 653 4086 quique,
679 4006 765 4086 quod
785 4027 819 4069 es
845 3991 1036 4088 10100010
1061 4008 1194 4087 1000110,
1219 4007 1310 4070 010”.

391 4109 433 4169 43
481 4106 547 4187 ,Α1
583 4116 628 4190 111,
664 4131 722 4196 per
757 4110 855 4174 studii
880 4112 1063 4175 communia
1098 4111 1230 4175 foedera
1261 4113 1352 4198 sacri,

522 4232 581 4296 per
604 4234 669 4276 non
692 4215 756 4278 vile
781 4214 842 4278 tibi
865 4235 983 4278 nomen
1009 4215 1169 4279 amicitiae

475 4320 597 4397 quanta
622 4326 725 4404 potes,
749 4320 871 4405 praebe
895 4327 1026 4384 nostrae
1050 4327 1215 4386 momenta
1238 4320 1353 4385 saluti''
1367 4320 1400 4403 ¹).

385 4551 413 4630 l)
456 4548 531 4612 0010
553 4551 637 4639 pueri
657 4549 827 4612 Germanici
849 4553 978 4626 Caesaris
1007 4554 1185 4618 instituendi
1220 4553 1351 4627 mandati
1373 4553 1468 4616 erant·
