2956 4958
582 1259 785 1330 CAPUT
826 1257 873 1328 ll.

217 1461 342 1535 QUAE
368 1460 550 1524 OVIDIUS
574 1462 633 1525 DE
657 1460 787 1525 POESI
811 1459 898 1523 ΒΗΑ
921 1458 1231 1522 NARRAVERIT.

276 1685 293 1766 ξ
321 1688 348 1747 1.
398 1683 523 1747 (bridius
546 1709 565 1745 c
588 1696 702 1745 oraturo
721 1685 838 1766 poetico
862 1683 980 1764 inperito
1004 1683 1176 1741 instructus.

207 1870 242 1933 Si
275 1891 356 1954 quae
381 1868 515 1932 Ovidius
539 1870 579 1932 de
603 1871 693 1955 poesi
718 1892 774 1933 sua
799 1869 967 1932 tradiderit
990 1868 1189 1952 inquirentes
1214 1868 1281 1931 eius

140 1994 262 2060 opera
296 1974 430 2054 adimus,
468 1975 576 2037 statim
610 1975 797 2059 reperimus,
834 1973 928 2036 Trist.
953 1973 1012 2054 IV,
1039 1975 1089 2054 10,
1115 1993 1188 2035 eum
1211 1971 1282 2035 Mu-

140 2099 271 2143 sarum
304 2079 439 2142 amicum
472 2086 504 2141 et
527 2080 726 2142 sacerdotem
751 2079 848 2142 fuisse
872 2078 948 2141 inde
972 2100 990 2141 a
1013 2080 1162 2163 pueritia.
1188 2079 1282 2152 Quod

140 2185 248 2246 enim
274 2184 341 2246 veri
364 2189 480 2268 poetae
505 2205 615 2246 omnes
638 2185 759 2247 habent
783 2189 819 2245 ut
842 2189 956 2246 natura
980 2205 1038 2246 sua
1062 2196 1094 2247 et
1113 2185 1221 2248 indole
1241 2186 1281 2249 ad

140 2289 277 2371 poesin
301 2287 477 2357 trahantur,
498 2288 531 2349 id
552 2287 686 2351 Ovidius
701 2288 741 2350 de
755 2308 788 2350 se
799 2309 899 2372 puero
912 2294 1056 2351 testatur.
1079 2287 1160 2352 Oum
1173 2290 1281 2372 fratre,

142 2393 238 2478 „qui
275 2392 376 2455 tribus
412 2399 486 2454 ante
522 2399 637 2472 quater
669 2393 832 2455 mensibus
856 2400 944 2456 ortus
968 2393 1067 2475 erat,”
1090 2401 1183 2479 pater
1207 2387 1281 2458 eum

140 2499 268 2560 adhuc
306 2504 453 2559 tenerum
487 2497 625 2560 Romam
660 2499 755 2577 misit,
790 2512 826 2560 ut
861 2520 878 2560 a
909 2499 984 2561 viris
1009 2505 1077 2562 arte
1101 2500 1280 2585 insignibus

140 2603 400 2666 excolerentur.
435 2602 584 2664 Fratrum
620 2623 694 2665 vero
724 2603 892 2686 ingenium
915 2603 1076 2666 diversum
1103 2611 1181 2686 erat,
1205 2627 1279 2669 nam

144 2710 274 2793 17sqq.
324 2707 442 2787 ,frater
467 2707 507 2770 ad
532 2708 693 2791 eloquium
717 2707 811 2770 viridi
835 2707 989 2770 tendebat
1013 2709 1052 2770 ab
1077 2729 1156 2773 aevo

385 2812 479 2876 fortia
504 2813 630 2875 verbosi
654 2818 748 2875 natus
773 2812 813 2875 ad
837 2834 925 2875 arma
949 2813 1018 2876 fori.

318 2916 363 2979 At
386 2916 465 2978 mihi
488 2917 552 2979 iam
576 2938 674 3001 parvo
700 2917 850 2980 coelestia
875 2939 964 2980 sacra
987 2919 1168 3003 placebant,

385 3021 482 3104 inque
506 3043 598 3083 suum
622 3021 731 3084 furtim
754 3021 848 3084 Musa
872 3021 1021 3085 trahebat
1045 3024 1155 3107 opus.”

204 3123 251 3188 At
287 3125 381 3210 patri,
414 3125 467 3208 qui
496 3125 578 3188 filios
611 3126 731 3188 artibus
762 3127 920 3189 instruere
945 3127 1105 3210 studebat,
1131 3151 1212 3213 quae
1237 3133 1277 3194 ad

140 3223 300 3293 honores
335 3229 368 3291 in
399 3229 527 3293 civitate
552 3231 709 3314 gerendos
734 3232 872 3294 evehere
896 3238 1037 3316 possent,
1062 3233 1122 3296 hoc
1146 3234 1277 3299 minoris

140 3332 216 3397 filii
250 3335 392 3398 studium
425 3335 556 3398 minime
591 3337 749 3421 placebat.
782 3337 866 3400 Eum
887 3359 1010 3400 summa
1033 3338 1064 3400 vi
1088 3338 1276 3404 dehortatus

140 3447 217 3504 est.
242 3440 308 3503 Sed
331 3440 457 3502 frustra.
751 3524 752 3527 Ἴ

142 3545 248 3630 21sq.
321 3544 445 3630 ,Saepe
479 3552 571 3630 pater
594 3547 677 3609 dixit
701 3547 852 3629 ,studium
876 3547 951 3631 quid
975 3548 1089 3611 inutile
1113 3553 1275 3634 temptas?

380 3651 569 3714 Maeonides
592 3653 698 3714 nullus
722 3654 790 3736 ipse
815 3653 944 3737 reliquit
968 3652 1090 3738 opus’·”'

146 3755 392 3819 Gravissimum
426 3757 512 3819 haud
550 3757 646 3819 dubie
678 3765 711 3820 et
743 3758 980 3820 severissimum
1011 3757 1071 3821 fuit
1094 3761 1194 3843 patris
1218 3761 1274 3824 de-

144 3853 412 3924 hortamentum:

150 3967 248 4050 23sq.
322 3966 449 4045 ,Motus
474 3987 561 4029 eram
585 3965 677 4029 dictis
701 3974 832 4050 totoque
858 3966 1016 4030 Helieone
1040 3969 1150 4032 relicto

381 4071 519 4133 scribere
544 4071 682 4133 conabar
705 4071 803 4134 verba
827 4072 930 4134 soluta
954 4072 1087 4136 modis.'’

156 4175 224 4238 Sed
261 4183 328 4238 tam
363 4176 571 4260 insuperabili
606 4176 637 4239 vi
670 4176 783 4239 Musae
807 4177 980 4240 trahebant
1003 4179 1043 4241 ad
1067 4200 1147 4264 opus
1171 4203 1274 4260 suum,

154 4288 196 4343 ut
219 4281 454 4344 admonitiones
477 4283 577 4366 patris
601 4282 641 4344 ad
664 4283 787 4344 irritum
812 4282 980 4364 caderent3
1004 4305 1078 4346 nam

157 4391 247 4479 25sq.
322 4394 454 4472 ,sponte
479 4409 536 4450 sua
559 4407 689 4450 carmen
712 4408 863 4450 numeros
887 4387 1038 4451 veniebat
1061 4389 1102 4452 ad
1125 4396 1233 4474 aptos:

379 4492 529 4590 quioquid
553 4495 751 4581 temptabam
774 4494 892 4576 dicere,
917 4513 1027 4562 versus
1051 4493 1149 4577 erat,'⁷
