2956 4958
716 403 735 464 5

167 590 235 653 fere
275 589 471 653 mutationes
496 585 726 648 vocabulorum
750 590 782 646 et
806 603 957 647 versuum
982 585 1082 647 factas
1109 601 1178 645 esse
1202 582 1285 645 bona

162 697 245 778 fide3
281 717 352 758 raro
391 693 556 756 hominem
591 691 732 775 aliquem
757 689 897 771 dootnrn,
922 689 975 773 qui
1001 690 1125 752 litteras
1150 698 1284 772 amaret,

163 802 239 865 data
283 794 384 885 oper'a
406 805 551 861 veterum
576 803 742 859 auctorum
766 795 863 857 libros
888 794 1081 879 depravasse
1105 795 1285 859 inserendis

163 908 212 987 iis,
256 926 339 990 qnae
368 904 437 987 ipse
464 902 611 983 lecisset3
635 901 691 964 sed
716 902 886 984 plerasque
914 899 1161 984 depravationes
1187 901 1284 985 scrip·

162 1020 255 1074 turae
293 1011 393 1074 factas
431 1029 501 1072 esse
529 1027 635 1070 errore
660 1012 716 1069 aut
752 1006 929 1068 scribarum
955 1011 1010 1068 aut
1034 1006 1203 1078 lectorum,
1230 1005 1283 1089 qui

163 1137 246 1200 quae
283 1117 430 1200 legerent
464 1136 528 1177 non
562 1113 781 1195 intelligerent
804 1119 859 1174 aut
890 1111 1004 1175 vitiosa
1028 1118 1190 1195 putarent,
1216 1110 1283 1174 ide-

163 1242 246 1305 oque
283 1220 455 1284 emendare
489 1225 689 1281 conarentur.
725 1216 921 1279 Huiusmodi
944 1217 1016 1279 libri
1041 1238 1139 1279 manu
1163 1217 1282 1301 scripti,

163 1327 217 1410 qui
241 1326 338 1388 hodie
362 1325 511 1388 dicuntur
535 1323 661 1386 codices
684 1323 879 1406 interpolati,
904 1323 938 1384 in
965 1323 1055 1385 ltalia
1068 1330 1141 1406 post
1154 1329 1282 1386 renatas

162 1431 287 1493 litteras
308 1430 396 1493 haud
421 1430 513 1513 pauci
540 1449 673 1491 numero
699 1428 835 1489 confecti
860 1448 929 1490 esse
953 1427 1109 1490 teruntur.

208 1533 289 1598 Cum
324 1535 423 1619 igitur
446 1535 497 1596 hic
520 1534 585 1596 illic
609 1535 642 1595 in
665 1533 754 1595 libris
778 1554 877 1595 manu
901 1532 1026 1616 scriptis
1050 1534 1204 1596 nonnulla
1231 1555 1283 1596 oc-

163 1647 339 1720 currerent,
383 1660 466 1723 quae
509 1638 724 1722 suspicionem
763 1644 941 1716 inurerent,
977 1636 1009 1698 in
1045 1644 1175 1720 promtu
1213 1646 1282 1700 erat

164 1745 446 1830 interpolationem
479 1743 615 1822 odorari,
648 1764 729 1826 quae
773 1742 870 1804 etiarn
908 1742 1047 1825 antiquis
1085 1745 1283 1828 temporibus

164 1848 251 1933 apud
278 1848 429 1930 Graecos,
454 1848 703 1927 Alexandrinos,
727 1846 891 1909 Romanos
908 1848 1059 1930 frequens
1072 1847 1170 1910 fuisse
1184 1850 1285 1913 fertur

164 1961 195 2016 et
219 1954 254 2016 in
277 1953 461 2017 Homericis
486 1953 679 2017 carminibus
703 1952 767 2014 iam
792 1974 809 2014 a
833 1951 909 2014 viris
933 1951 1034 2014 doctis
1053 1952 1284 2018 Alexandrinis

163 2059 320 2143 imprimis
345 2061 384 2121 ab
408 2059 595 2122 Aristarcho
619 2064 762 2120 notatam
788 2057 886 2119 fuisse
911 2063 1043 2119 constat.
1070 2057 1161 2120 Tunc
1197 2080 1283 2141 vere,

164 2165 265 2227 altera
302 2165 421 2227 saeculi
457 2165 572 2227 decimi
597 2164 681 2225 sexti
714 2170 817 2247 parte,
846 2163 901 2226 ubi
926 2184 976 2225 ars
1001 2164 1108 2226 critica
1132 2163 1196 2227 iam
1220 2187 1286 2228 non

163 2269 195 2331 in
231 2270 398 2332 cunabulis
434 2281 513 2350 erat,
546 2269 602 2332 sed
641 2268 784 2331 studium
816 2268 996 2331 litterarum
1021 2268 1195 2331 admodum
1219 2271 1283 2333 iam

163 2374 349 2437 adoleverat
382 2381 414 2436 et
446 2397 570 2438 summa
607 2374 717 2436 favore
753 2374 929 2453 fruebatur,
965 2374 1074 2458 plures
1104 2373 1165 2436 viri
1188 2374 1284 2457 docti,

163 2487 198 2541 ut
235 2478 300 2542 iam
336 2479 457 2542 dictum
492 2488 550 2560 est,
575 2479 732 2542 eiusmodi
756 2477 842 2541 loc'os
866 2479 1065 2542 adulterinos
1089 2480 1285 2545 detexerunt

164 2592 220 2647 aut
244 2584 408 2648 detexisse
434 2587 493 2648 sibi
519 2586 577 2648 visi
600 2592 684 2648 sunt.

206 2689 288 2770 lam,
312 2696 349 2752 ut
372 2692 453 2753 altos
478 2691 634 2770 omittam,
658 2688 895 2772 Dionysius
930 2688 1155 2752 Lambinus
1182 2689 1283 2771 (1520

165 2794 309 2875 --1572)
334 2796 367 2857 in
389 2795 526 2859 Horatio
553 2802 584 2857 et
615 2795 809 2857 Muretus
838 2794 1086 2875 (rano-4585)
1110 2796 1143 2857 in
1168 2795 1283 2858 Ovidio

160 2920 273 2961 versus
312 2902 436 2984 spurios
472 2901 702 2963 indicaverant.
737 2899 780 2960 Et
828 2899 840 2959 l
852 2899 1035 2983 osephus
1086 2900 1284 2986 Scaliger

160 3004 410 3086 (latu-1609)
440 3007 494 3089 qui
528 3005 567 3068 ab
592 3027 675 3067 anno
703 3006 787 3066 1593
813 3001 963 3086 Lugduni
986 3004 1184 3068 Batavorum
1207 3028 1281 3090 pro·

159 3109 318 3172 tessaram
342 3111 518 3190 obtinebat,
534 3111 579 3173 vir
592 3110 768 3171 immensae
781 3108 956 3189 doctrinae,
972 3110 1062 3172 cuius
1081 3111 1161 3173 ratio
1175 3111 1284 3174 critica

160 3215 270 3277 multis
304 3216 448 3278 versibus
484 3222 630 3277 veterum
666 3219 832 3276 auctorum
869 3212 1116 3297 transponendis
1149 3216 1283 3299 insignis

161 3329 241 3398 erat,
277 3319 310 3381 in
354 3319 524 3381 Theocrito
558 3319 736 3403 permultos
768 3340 890 3399 versus,
927 3318 980 3402 qui
1016 3318 1049 3380 in
1084 3339 1148 3381 uno
1173 3320 1282 3383 codice

159 3424 355 3508 legebantur
393 3425 426 3486 in
468 3424 537 3487 aliis
581 3423 725 3504 deerant,
770 3424 894 3507 spurios
929 3421 1137 3486 iudicaverat.
1176 3424 1284 3487 Etiam

160 3529 315 3592 Daniel
357 3529 564 3592 Heinsius
605 3529 864 3610 (raab-1655),
912 3527 1067 3612 Scaligeri
1103 3531 1282 3593 amantissi-

160 3656 244 3715 mus,
268 3635 553 3718 interpolationum
579 3633 790 3717 investigator
814 3633 913 3697 fuisse
937 3634 1075 3697 videtur.

208 3739 272 3801 Sed
321 3761 414 3802 ornne
451 3762 587 3803 troarnen
622 3762 714 3802 suum
750 3739 942 3823 indagandis
980 3741 1281 3825 interpolationibus

158 3844 309 3907 adhibuit
332 3845 389 3923 vir,
404 3866 501 3929 quem
545 3844 786 3929 sagacissimum
823 3852 855 3906 ct
891 3845 1281 3928 suspicacissimuinhaud

158 3950 322 4011 immerito
347 3950 467 4013 dixeris
498 3949 748 4013 Francisous
789 3947 985 4034 (liiyetus
1022 3950 1281 4031 (lavo—1655).

157 4054 411 4137 Exemplaribus
446 4063 594 4118 veterum
630 4061 798 4116 auctorum
837 4056 901 4117 suis
925 4054 959 4117 in
986 4056 1132 4139 margine
1163 4056 1280 4118 multas

158 4166 254 4221 notas
303 4159 480 4243 adscripsit,
529 4160 644 4243 quibus
680 4160 872 4243 plerumque
907 4181 1017 4223 versus
1056 4161 1156 4244 spurii
1180 4158 1280 4244 signi-

159 4263 351 4326 ficabantur.
376 4263 471 4325 Tales
496 4271 591 4325 notae
616 4264 753 4325 inveniri
777 4264 925 4325 feruntur
949 4264 990 4327 ad
1014 4271 1113 4348 opera
1138 4263 1281 4327 Terentii

160 4378 196 4431 ot
230 4367 378 4448 Hesiodi,
411 4367 549 4447 Horatii,
587 4367 734 4450 Vergilii,
773 4367 946 4456 Propertii,
982 4369 1115 4453 Lucani,
1162 4368 1282 4454 Plauti,

163 4473 334 4556 Martialis,
357 4472 510 4558 Phaedri,
534 4472 700 4563 Hesychii.
