2956 4958
230 415 261 456 lv

184 578 275 641 vallis
299 576 454 640 distantes
479 578 562 639 inter
586 598 620 639 se
646 577 736 639 binos
765 575 864 660 pedes
887 576 920 638 iu
944 577 1011 638 solo
1036 579 1241 642 collocantur.

229 684 338 748 Verba
370 690 557 768 ,perpetuae
592 681 625 744 iu
662 678 906 764 longitudinem’
931 679 971 743 de
996 681 1130 765 singulis
1154 685 1298 748 trabibus

183 788 394 873 intelligenda
418 794 502 865 sunt,
526 808 601 862 uon,
625 793 661 848 ut
684 787 792 868 vulgo,
817 785 857 847 de
881 785 963 847 serie
987 787 1135 850 trabium.

698 1086 790 1150 XVI.

181 1280 310 1360 Caesar,
335 1280 375 1343 de
404 1280 432 1342 b.
458 1279 496 1342 G.
524 1279 602 1361 VII,
627 1283 679 1360 53,
705 1283 744 1342 4:

178 1466 180 1472 γ
227 1385 278 1448 Ne
307 1397 381 1447 tunc
405 1384 535 1468 quidem
558 1383 711 1447 insecutis
734 1382 888 1463 hostibus,
913 1384 1007 1446 tertio
1032 1384 1084 1447 die
1109 1385 1149 1446 ad
1173 1385 1296 1447 flumen

182 1491 300 1554 Elauer
323 1501 430 1576 pontes¹
453 1490 554 1552 reficit
577 1510 680 1573 eoque
705 1488 883 1550 exercitum
907 1488 1054 1551 traducit.

225 1594 306 1658 Oum
330 1595 489 1658 codicibus
513 1593 704 1678 quibusdam
728 1593 945 1675 scribendum,
970 1593 1124 1679 ,pontemb

683 1877 793 1942 XVII.

177 2073 308 2153 Caesar,
333 2071 428 2135 deb.
454 2071 493 2133 G.
519 2072 596 2155 Vll,
623 2076 674 2155 73,
699 2076 737 2136 2:

223 2176 338 2260 Itaque
361 2176 481 2238 truncis
505 2177 655 2240 arborum
679 2185 734 2241 aut
758 2177 932 2240 admodum
955 2177 1054 2240 firmis
1078 2177 1174 2240 ramis
1195 2177 1299 2241 absci-

177 2281 221 2343 sis
256 2287 352 2365 atque
376 2280 491 2343 horum
514 2281 670 2342 delibratis
694 2303 730 2345 ac
753 2282 912 2362 praeeatis
937 2282 1157 2345 cacuminibus
1181 2303 1296 2369 perpe·

178 2389 255 2447 tuae
279 2384 383 2448 fossae
408 2385 520 2467 quinos
545 2385 644 2472 pedes
669 2387 752 2449 altae
777 2386 986 2449 ducebantur.

225 2487 305 2553 (lum
329 2488 491 2553 codicibus
517 2488 707 2575 quibusdam
731 2489 937 2553 scribendum
962 2488 1166 2571 ,dolabratisl

679 2749 808 2843 nuru.

176 2941 321 3023 Tacitus,
344 2942 498 3026 Agricola
521 2964 546 3006 c.
575 2945 608 3005 1:

224 3045 390 3110 Clarorum
423 3049 548 3110 viorum
583 3047 667 3111 tacta
700 3068 869 3132 moresque
893 3047 1029 3132 posteris
1052 3046 1191 3127 tradere,
1216 3045 1297 3108 anti·

176 3151 286 3234 quitus
321 3151 486 3233 usitatum,
522 3173 563 3215 ne
599 3153 710 3214 nocuo
741 3153 872 3237 quidem
896 3151 1078 3234 temporibus
1103 3173 1298 3237 quamquam

177 3254 336 3318 incuriosa
359 3279 489 3322 suorum
513 3266 601 3322 aetas
627 3259 742 3322 omisit.

222 3359 355 3424 Nonne:
388 3383 430 3425 ne
466 3374 571 3424 nostro
608 3362 739 3447 quidem
759 3362 940 3445 {temporum
964 3381 1156 3446 quamquam
1179 3360 1296 3424 incuri-

175 3484 233 3527 osa
257 3487 386 3538 suorum
411 3473 499 3531 aetas
524 3467 640 3531 omisit.

687 3727 781 3790 XIX.

177 3916 338 3981 Minucius
360 3919 467 4001 Felix,
492 3918 604 3983 Ootav.
632 3922 684 4001 le,
712 3921 761 3983 13:

220 4022 305 4085 Nam
337 4023 515 4088 Socraticus
539 4024 724 4109 Xenophon
748 4026 888 4088 formam
907 4023 959 4087 dei
983 4025 1044 4083 reri
1067 4029 1165 4107 negat
1188 4022 1291 4086 videri

176 4148 271 4212 posse
307 4136 339 4191 et
362 4129 435 4192 ideo
461 4130 571 4213 quaeri
594 4123 659 4193 non
683 4137 842 4215 oportere,
866 4129 975 4192 Aristo
1001 4128 1126 4191 Stoicus
1150 4148 1294 4212 compre-

177 4230 276 4310 hendi
312 4235 439 4296 omnino
473 4255 538 4296 non
568 4250 679 4318 posse:
712 4240 848 4318 uterque
872 4235 1074 4297 maiestatem
1100 4234 1152 4297 dei
1174 4234 1294 4297 intelli·

173 4337 274 4420 gendi
298 4337 523 4422 desperatione
547 4344 726 4401 senserunt.

221 4442 433 4526 Legendum:
459 4464 531 4505 vere.
