2956 4958
729 393 748 451 4

179 573 359 640 admirabili
398 575 562 651 felicitate,
598 581 633 637 ut
671 594 743 636 eum
782 572 886 656 quivis
911 573 996 636 idom
1022 553 1116 660 posse
1140 575 1298 660 videatur,

178 704 273 747 nemo
311 682 430 766 possit,
466 702 571 753 nemo,
605 679 666 741 nisi
691 678 798 761 magni
825 678 921 740 animi
948 687 980 741 et
1005 682 1148 762 excitati,
1174 689 1298 745 tentare

178 788 264 851 idern
300 785 403 866 ausit,
438 786 601 870 sapientes
625 784 721 846 ctiam
747 782 940 866 desperent.
956 835 1054 849 .....
1079 787 1297 851 Numerorum

178 900 286 957 autem
323 897 413 954 tanta
449 891 582 975 puritas,
611 889 798 974 simplicitas
822 913 857 953 ac
882 893 1057 957 invidenda
1084 896 1236 975 suavitas,
1264 903 1299 958 ut

179 997 255 1082 quid
286 996 393 1080 magni
420 996 479 1057 viri
497 996 597 1058 velint
610 1017 682 1057 oum
697 996 812 1058 mutari
826 997 980 1080 quosdam
995 1020 1088 1083 posse
1102 1001 1298 1082 existiment,

178 1123 284 1186 neque
308 1101 379 1186 ipsi,
405 1100 465 1162 nisi
491 1100 593 1182 fallor,
619 1122 723 1184 neque
748 1123 805 1164 nos
830 1103 1077 1185 intelligamus'’.

222 1207 483 1292 Magnificentius
507 1206 547 1268 do
572 1227 605 1268 sc
633 1207 792 1289 prolatum
819 1206 856 1267 iri
870 1207 1024 1270 iudicium
1035 1229 1141 1291 nequo
1158 1210 1299 1293 speravit

178 1312 313 1375 Ovidius
353 1330 458 1393 neque
499 1330 628 1394 sperare
665 1311 780 1394 potuit.
814 1310 929 1394 Neque
968 1313 1084 1375 mirum
1118 1313 1298 1396 igiturest,

177 1417 348 1480 Nicolaum
372 1416 558 1496 Heinsium,
586 1416 639 1498 qui
666 1415 822 1477 eiusmodi
851 1415 890 1477 de.
905 1415 1020 1479 ovidio
1036 1416 1155 1480 iudicia
1168 1418 1299 1481 editioni

178 1543 255 1586 suae
277 1521 480 1606 praerniserit
507 1522 608 1604 iisque
634 1521 812 1600 accesserit,
839 1520 864 1582 si
890 1521 922 1583 in
947 1521 1015 1584 eius
1039 1523 1165 1606 scriptis
1195 1524 1298 1586 vitiosi

178 1626 299 1710 aliquid
355 1627 385 1689 ei
433 1632 624 1703 cocurreret,
661 1626 693 1687 id
732 1647 789 1709 pro
827 1624 985 1689 Ovidiano
1023 1648 1198 1710 agnoscere
1237 1650 1298 1691 non

176 1733 329 1817 potuisse,
358 1730 414 1794 sed
440 1732 528 1816 prius
558 1730 715 1793 eiusmodi
743 1731 829 1793 locos
855 1733 985 1793 mutatis
1007 1733 1113 1794 verbis
1127 1734 1298 1796 emendare

176 1843 326 1900 conatum
363 1857 454 1917 esse,
490 1835 607 1898 deinde
645 1835 670 1897 si
707 1836 814 1898 irritus
850 1843 934 1898 esset
969 1839 1072 1900 omnis
1107 1839 1298 1902 emendandi

176 1943 277 2022 labor,
307 1941 437 2005 tandem
462 1941 637 2025 aliquando
663 1962 700 2003 eo
718 1941 912 2024 confugisse,
925 1949 961 2004 ut
974 1942 1118 2027 spurium
1133 1943 1298 2024 iudicaret,

177 2047 327 2132 quicquid
354 2069 425 2110 curn
453 2053 570 2131 poetae
595 2047 725 2130 ingenio
752 2068 817 2108 non
843 2069 1019 2130 congruere
1034 2047 1209 2130 videretur,
1234 2050 1254 2111 i.
1273 2069 1298 2124 e,

177 2152 329 2238 quicquid
351 2174 369 2216 a
394 2152 550 2216 sermonis
575 2152 736 2234 elegantia
763 2152 938 2214 recederet.

176 2367 193 2446 ξ
218 2368 247 2427 2.
295 2362 372 2435 allii,
397 2364 451 2445 «pri
475 2364 507 2422 la
533 2363 674 2423 lateribus
699 2363 895 2444 ¹scriptoribus
917 2364 1019 2422 ecdem
1036 2364 1298 2440 rutr'orreasr'sunt,

263 2479 425 2538 seruatori
452 2488 622 2559 temporam
646 2478 782 2538 orditam
794 2476 970 2537 scommatice
986 2488 1212 2538 errrtmerurrtur.

220 2656 328 2719 [sdem
353 2664 463 2719 autem
488 2657 687 2742 temporibus
711 2655 826 2720 eadem
852 2656 933 2718 ratio
963 2655 1107 2718 adhibita
1132 2664 1180 2718 est
1204 2657 1299 2720 etiarn

175 2761 214 2822 ab
243 2761 324 2841 aliis,
339 2761 513 2845 praecipue
538 2762 738 2824 aFrancisco
755 2760 895 2846 Guyeto,
909 2761 962 2844 qui
976 2762 1098 2844 primus
1112 2761 1145 2823 in
1164 2761 1299 2825 Horatio

176 2867 337 2950 permulta
373 2889 390 2928 a
429 2867 565 2929 falsariis
604 2868 724 2930 inserta
762 2888 831 2929 esse
871 2866 1045 2928 contendit.
1081 2865 1167 2929 Nam
1195 2874 1300 2948 antea,

175 2971 286 3054 primis
310 2984 385 3055 post
406 2978 533 3034 renatas
560 2972 683 3034 litteras
710 2972 856 3052 saeculis,
882 2971 942 3033 viri
965 2972 1093 3034 illorum
1119 2978 1299 3056 temporum

176 3075 260 3138 docti
296 3076 487 3160 plerumque
525 3077 747 3140 tantummodo
791 3077 942 3140 amabant
978 3067 1010 3138 et
1058 3077 1301 3139 admirabantur

176 3201 398 3264 quaecumque
426 3203 444 3243 a
468 3183 631 3245 veteribus
654 3182 836 3245 auctoribus
861 3183 972 3245 relicta
1000 3189 1103 3262 erant,
1130 3188 1162 3244 et
1185 3188 1222 3244 ut
1247 3202 1299 3244 ve-

176 3296 281 3348 terum
309 3287 406 3350 libros
431 3309 529 3350 manu
552 3289 686 3373 scriptos
711 3289 854 3372 undique
879 3289 1077 3372 collegerant
1098 3285 1300 3349 etdesoribe-

175 3399 248 3454 rent
285 3391 397 3455 sedulo
433 3392 553 3456 dabant
590 3415 732 3478 operam,
757 3392 814 3456 sed
840 3393 873 3454 in
895 3413 933 3455 eo
964 3393 1074 3455 labore
1099 3398 1167 3454 arte
1192 3392 1300 3454 critica

176 3503 233 3559 aut
267 3518 432 3580 nunquam
471 3505 526 3561 aut
563 3521 634 3562 raro
664 3499 848 3562 utebantur.
874 3497 1031 3582 Magnum
1068 3518 1144 3580 ergo
1170 3501 1238 3559 erat
1262 3496 1300 3558 iis

176 3602 375 3686 temporibus
403 3604 594 3687 periculum,
619 3627 692 3667 cum
716 3604 788 3667 libri
815 3624 912 3665 manu
940 3600 1162 3665 tantummodo
1183 3600 1299 3663 scribe·

175 3716 297 3785 rentur,
336 3709 547 3794 typographis
580 3709 724 3772 nondum
759 3707 998 3787 mandarentur,
1023 3726 1064 3769 ne
1091 3725 1198 3766 errore
1223 3704 1299 3766 sori·

175 3813 287 3875 barum
312 3813 576 3897 depravarentur,
601 3836 642 3876 nc
667 3814 832 3893 vocabula,
858 3833 993 3895 quorum
1021 3811 1178 3894 scriptura
1199 3808 1301 3872 oculis

174 3917 343 4001 perspicua
382 3940 443 3981 non
482 3926 576 3999 osset,
610 3940 675 3981 non
711 3924 796 3980 recte
833 3917 1102 3999 intelligerentur,
1126 3934 1167 3976 ne
1187 3933 1302 3977 versus

176 4023 410 4102 omitterentur,
447 4045 487 4085 no
524 4045 634 4085 versus
667 4031 698 4085 ct
724 4022 821 4084 verba
845 4022 1050 4099 iterarentur,
1078 4039 1118 4080 ne
1143 4019 1302 4082 nonnulla

174 4149 255 4209 qirrro
283 4129 364 4190 inter
390 4129 490 4190 lineas
518 4131 569 4190 vel
594 4130 625 4190 in
647 4130 792 4212 margine
818 4127 977 4209 adscripta
1002 4130 1109 4186 essent
1122 4124 1154 4184 in
1170 4131 1302 4186 textum

174 4233 403 4316 rrmipercntur,
436 4234 574 4317 denique
611 4256 651 4297 nc
685 4236 773 4296 nulla
809 4254 872 4294 non
904 4229 1142 4314 depravationis
1175 4248 1302 4310 genera

173 4338 459 4399 committerentur.
496 4339 576 4401 [nde
614 4361 729 4423 magna
767 4336 979 4420 discrepantia
1016 4333 1177 4396 interdum
1210 4332 1301 4395 inter

173 4439 314 4502 diversos
351 4442 485 4505 codices.
524 4444 588 4506 Sed
624 4446 655 4507 id
692 4444 867 4507 tenendum
904 4460 972 4502 esse
1008 4445 1142 4518 constat,
1167 4458 1302 4522 semper
