<?xml version="1.0" encoding="UTF-8"?>
<!DOCTYPE html PUBLIC "-//W3C//DTD XHTML 1.0 Transitional//EN"
    "http://www.w3.org/TR/xhtml1/DTD/xhtml1-transitional.dtd">
<html xmlns="http://www.w3.org/1999/xhtml" xml:lang="en" lang="en">
 <head>
  <title>
</title>
<meta http-equiv="Content-Type" content="text/html;charset=utf-8" />
  <meta name='ocr-system' content='tesseract 3.04.00' />
  <meta name='ocr-capabilities' content='ocr_page ocr_carea ocr_par ocr_line ocrx_word'/>
</head>
<body>
  <div class='ocr_page' id='page_1' title='image "./deovidiimetamor00kramgoog_0047.png"; bbox 0 0 3298 5134; ppageno 0'>
   <div class='ocr_carea' id='block_1_1' title="bbox 860 429 901 500">
    <p class='ocr_par' dir='ltr' id='par_1_1' title="bbox 860 429 901 500">
     <span class='ocr_line' id='line_1_1' title="bbox 860 429 901 500; baseline 0 0"><span class='ocrx_word' id='word_1_1' title='bbox 860 429 901 500; x_wconf 83' lang='lat' dir='ltr'>al</span> 
     </span>
    </p>
   </div>
   <div class='ocr_carea' id='block_1_2' title="bbox 456 617 1466 815">
    <p class='ocr_par' dir='ltr' id='par_1_2' title="bbox 456 617 1466 815">
     <span class='ocr_line' id='line_1_2' title="bbox 456 617 1466 720; baseline 0.014 -34"><span class='ocrx_word' id='word_1_2' title='bbox 456 617 529 686; x_wconf 83' lang='lat' dir='ltr'>Non</span> <span class='ocrx_word' id='word_1_3' title='bbox 567 619 647 687; x_wconf 89' lang='lat' dir='ltr'>adeo</span> <span class='ocrx_word' id='word_1_4' title='bbox 684 633 731 687; x_wconf 90' lang='lat' dir='ltr'>est</span> <span class='ocrx_word' id='word_1_5' title='bbox 757 623 843 688; x_wconf 90' lang='lat' dir='ltr'>bene</span> <span class='ocrx_word' id='word_1_6' title='bbox 865 645 959 707; x_wconf 87' lang='lat' dir='ltr'>nuno,</span> <span class='ocrx_word' id='word_1_7' title='bbox 984 633 1019 690; x_wconf 90' lang='lat' dir='ltr'>ut</span> <span class='ocrx_word' id='word_1_8' title='bbox 1042 625 1083 690; x_wconf 88' lang='lat' dir='ltr'>sit</span> <span class='ocrx_word' id='word_1_9' title='bbox 1106 627 1185 694; x_wconf 90' lang='lat' dir='ltr'>mihi</span> <span class='ocrx_word' id='word_1_10' title='bbox 1209 633 1312 718; x_wconf 86' lang='lat' dir='ltr'>gloria</span> <span class='ocrx_word' id='word_1_11' title='bbox 1327 652 1466 720; x_wconf 68' lang='lat' dir='ltr'>curae;,</span> 
     </span>
     <span class='ocr_line' id='line_1_3' title="bbox 499 714 1174 815; baseline 0.009 -23"><span class='ocrx_word' id='word_1_12' title='bbox 499 730 525 792; x_wconf 90' lang='lat' dir='ltr'>si</span> <span class='ocrx_word' id='word_1_13' title='bbox 549 729 654 811; x_wconf 87' lang='lat' dir='ltr'>liceat,</span> <span class='ocrx_word' id='word_1_14' title='bbox 679 730 757 793; x_wconf 92' lang='lat' dir='ltr'>nulli</span> <span class='ocrx_word' id='word_1_15' title='bbox 782 730 928 815; x_wconf 89' lang='lat' dir='ltr'>cognitus</span> <span class='ocrx_word' id='word_1_16' title='bbox 953 714 1022 795; x_wconf 74' lang='lat' dir='ltr'>esse</span> <span class='ocrx_word' id='word_1_17' title='bbox 1046 733 1174 799; x_wconf 86' lang='lat' dir='ltr'>velim.’&#39;</span> 
     </span>
    </p>
   </div>
   <div class='ocr_carea' id='block_1_3' title="bbox 583 996 1170 1081">
    <p class='ocr_par' dir='ltr' id='par_1_3' title="bbox 583 996 1170 1081">
     <span class='ocr_line' id='line_1_4' title="bbox 583 996 1170 1081; baseline 0.003 -20"><span class='ocrx_word' id='word_1_18' title='bbox 583 999 619 1080; x_wconf 56' lang='grc' dir='ltr'>,ξ</span> <span class='ocrx_word' id='word_1_19' title='bbox 645 1001 674 1061; x_wconf 77' lang='lat' dir='ltr'>l.</span> <span class='ocrx_word' id='word_1_20' title='bbox 724 996 870 1059; x_wconf 80' lang='lat' dir='ltr'>Carmina</span> <span class='ocrx_word' id='word_1_21' title='bbox 894 999 1026 1081; x_wconf 79' lang='lat' dir='ltr'>eapolirc</span> <span class='ocrx_word' id='word_1_22' title='bbox 1048 1000 1170 1064; x_wconf 77' lang='lat' dir='ltr'><em>solebat.</em></span> 
     </span>
    </p>
   </div>
   <div class='ocr_carea' id='block_1_4' title="bbox 322 1199 1452 3498">
    <p class='ocr_par' dir='ltr' id='par_1_4' title="bbox 322 1199 1441 1917">
     <span class='ocr_line' id='line_1_5' title="bbox 367 1199 1441 1289; baseline 0.007 -26"><span class='ocrx_word' id='word_1_23' title='bbox 367 1200 447 1263; x_wconf 72' lang='lat' dir='ltr'>Cum</span> <span class='ocrx_word' id='word_1_24' title='bbox 484 1206 591 1263; x_wconf 89' lang='lat' dir='ltr'>autem</span> <span class='ocrx_word' id='word_1_25' title='bbox 621 1199 744 1282; x_wconf 89' lang='lat' dir='ltr'>gloriae</span> <span class='ocrx_word' id='word_1_26' title='bbox 775 1201 932 1286; x_wconf 80' lang='lat' dir='ltr'>cupiditas</span> <span class='ocrx_word' id='word_1_27' title='bbox 955 1203 1144 1266; x_wconf 75' lang='lat' dir='ltr'>decessisset</span> <span class='ocrx_word' id='word_1_28' title='bbox 1165 1211 1199 1266; x_wconf 85' lang='lat' dir='ltr'>et</span> <span class='ocrx_word' id='word_1_29' title='bbox 1219 1205 1367 1289; x_wconf 89' lang='lat' dir='ltr'>antiquus</span> <span class='ocrx_word' id='word_1_30' title='bbox 1391 1206 1441 1270; x_wconf 91' lang='lat' dir='ltr'>in·</span> 
     </span>
     <span class='ocr_line' id='line_1_6' title="bbox 324 1305 1441 1392; baseline 0.004 -23"><span class='ocrx_word' id='word_1_31' title='bbox 324 1306 412 1390; x_wconf 91' lang='lat' dir='ltr'>genii</span> <span class='ocrx_word' id='word_1_32' title='bbox 437 1305 529 1390; x_wconf 90' lang='lat' dir='ltr'>vigor</span> <span class='ocrx_word' id='word_1_33' title='bbox 553 1305 760 1376; x_wconf 74' lang='lat' dir='ltr'>decresceret,</span> <span class='ocrx_word' id='word_1_34' title='bbox 786 1307 920 1369; x_wconf 88' lang='lat' dir='ltr'>lacultas</span> <span class='ocrx_word' id='word_1_35' title='bbox 951 1328 1076 1392; x_wconf 90' lang='lat' dir='ltr'>quoque</span> <span class='ocrx_word' id='word_1_36' title='bbox 1102 1313 1133 1370; x_wconf 91' lang='lat' dir='ltr'>et</span> <span class='ocrx_word' id='word_1_37' title='bbox 1157 1308 1314 1372; x_wconf 88' lang='lat' dir='ltr'>industria</span> <span class='ocrx_word' id='word_1_38' title='bbox 1339 1331 1441 1374; x_wconf 89' lang='lat' dir='ltr'>reces-</span> 
     </span>
     <span class='ocr_line' id='line_1_7' title="bbox 324 1410 1440 1499; baseline 0.003 -24"><span class='ocrx_word' id='word_1_39' title='bbox 324 1419 444 1475; x_wconf 88' lang='lat' dir='ltr'>serunt.</span> <span class='ocrx_word' id='word_1_40' title='bbox 480 1410 550 1482; x_wconf 82' lang='lat' dir='ltr'>Quo</span> <span class='ocrx_word' id='word_1_41' title='bbox 588 1411 744 1496; x_wconf 89' lang='lat' dir='ltr'>paulatim</span> <span class='ocrx_word' id='word_1_42' title='bbox 781 1411 897 1474; x_wconf 87' lang='lat' dir='ltr'>factum</span> <span class='ocrx_word' id='word_1_43' title='bbox 921 1420 979 1494; x_wconf 90' lang='lat' dir='ltr'>est,</span> <span class='ocrx_word' id='word_1_44' title='bbox 1003 1419 1038 1475; x_wconf 86' lang='lat' dir='ltr'>ut</span> <span class='ocrx_word' id='word_1_45' title='bbox 1062 1421 1158 1496; x_wconf 88' lang='lat' dir='ltr'>poeta</span> <span class='ocrx_word' id='word_1_46' title='bbox 1181 1434 1246 1476; x_wconf 93' lang='lat' dir='ltr'>non</span> <span class='ocrx_word' id='word_1_47' title='bbox 1269 1414 1440 1499; x_wconf 80' lang='lat' dir='ltr'>laboraret,</span> 
     </span>
     <span class='ocr_line' id='line_1_8' title="bbox 324 1515 1440 1603; baseline 0.005 -24"><span class='ocrx_word' id='word_1_48' title='bbox 324 1525 358 1579; x_wconf 90' lang='lat' dir='ltr'>ut</span> <span class='ocrx_word' id='word_1_49' title='bbox 402 1537 482 1601; x_wconf 90' lang='lat' dir='ltr'>quae</span> <span class='ocrx_word' id='word_1_50' title='bbox 517 1516 695 1600; x_wconf 80' lang='lat' dir='ltr'>scripsisset</span> <span class='ocrx_word' id='word_1_51' title='bbox 730 1515 904 1600; x_wconf 88' lang='lat' dir='ltr'>corrigeret</span> <span class='ocrx_word' id='word_1_52' title='bbox 939 1523 971 1578; x_wconf 91' lang='lat' dir='ltr'>et</span> <span class='ocrx_word' id='word_1_53' title='bbox 1006 1517 1117 1581; x_wconf 94' lang='lat' dir='ltr'>sedulo</span> <span class='ocrx_word' id='word_1_54' title='bbox 1152 1518 1323 1603; x_wconf 87' lang='lat' dir='ltr'>expoliret.</span> <span class='ocrx_word' id='word_1_55' title='bbox 1358 1521 1440 1585; x_wconf 89' lang='lat' dir='ltr'>Inde</span> 
     </span>
     <span class='ocr_line' id='line_1_9' title="bbox 323 1621 1439 1708; baseline 0.004 -23"><span class='ocrx_word' id='word_1_56' title='bbox 323 1627 452 1708; x_wconf 89' lang='lat' dir='ltr'>praeter</span> <span class='ocrx_word' id='word_1_57' title='bbox 486 1622 602 1684; x_wconf 89' lang='lat' dir='ltr'>multas</span> <span class='ocrx_word' id='word_1_58' title='bbox 637 1621 823 1684; x_wconf 86' lang='lat' dir='ltr'>iterationes</span> <span class='ocrx_word' id='word_1_59' title='bbox 859 1628 891 1684; x_wconf 92' lang='lat' dir='ltr'>et</span> <span class='ocrx_word' id='word_1_60' title='bbox 915 1621 1000 1706; x_wconf 94' lang='lat' dir='ltr'>quod</span> <span class='ocrx_word' id='word_1_61' title='bbox 1023 1628 1089 1684; x_wconf 91' lang='lat' dir='ltr'>tam</span> <span class='ocrx_word' id='word_1_62' title='bbox 1112 1643 1209 1708; x_wconf 86' lang='lat' dir='ltr'>saepe</span> <span class='ocrx_word' id='word_1_63' title='bbox 1234 1624 1348 1688; x_wconf 89' lang='lat' dir='ltr'>eadem</span> <span class='ocrx_word' id='word_1_64' title='bbox 1372 1626 1439 1690; x_wconf 89' lang='lat' dir='ltr'>fere</span> 
     </span>
     <span class='ocr_line' id='line_1_10' title="bbox 322 1727 1440 1816; baseline 0.005 -26"><span class='ocrx_word' id='word_1_65' title='bbox 322 1737 416 1812; x_wconf 86' lang='lat' dir='ltr'>rogat</span> <span class='ocrx_word' id='word_1_66' title='bbox 451 1733 482 1790; x_wconf 90' lang='lat' dir='ltr'>et</span> <span class='ocrx_word' id='word_1_67' title='bbox 521 1727 693 1811; x_wconf 90' lang='lat' dir='ltr'>quaeritur,</span> <span class='ocrx_word' id='word_1_68' title='bbox 718 1727 796 1790; x_wconf 88' lang='lat' dir='ltr'>vitia</span> <span class='ocrx_word' id='word_1_69' title='bbox 820 1747 945 1812; x_wconf 91' lang='lat' dir='ltr'>quoque</span> <span class='ocrx_word' id='word_1_70' title='bbox 970 1727 1183 1811; x_wconf 83' lang='lat' dir='ltr'>quaedamst</span> <span class='ocrx_word' id='word_1_71' title='bbox 1207 1730 1334 1811; x_wconf 90' lang='lat' dir='ltr'>menda,</span> <span class='ocrx_word' id='word_1_72' title='bbox 1359 1752 1440 1816; x_wconf 88' lang='lat' dir='ltr'>quae</span> 
     </span>
     <span class='ocr_line' id='line_1_11' title="bbox 322 1831 1063 1917; baseline 0.003 -23"><span class='ocrx_word' id='word_1_73' title='bbox 322 1833 392 1917; x_wconf 90' lang='lat' dir='ltr'>ipse</span> <span class='ocrx_word' id='word_1_74' title='bbox 415 1831 496 1894; x_wconf 81' lang='lat' dir='ltr'>vidit</span> <span class='ocrx_word' id='word_1_75' title='bbox 520 1832 765 1916; x_wconf 80' lang='lat' dir='ltr'>observavitque</span> <span class='ocrx_word' id='word_1_76' title='bbox 790 1838 821 1894; x_wconf 90' lang='lat' dir='ltr'>et</span> <span class='ocrx_word' id='word_1_77' title='bbox 845 1831 1063 1917; x_wconf 89' lang='lat' dir='ltr'>reprehendit.</span> 
     </span>
    </p>

    <p class='ocr_par' dir='ltr' id='par_1_5' title="bbox 367 1937 695 2021">
     <span class='ocr_line' id='line_1_12' title="bbox 367 1937 695 2021; baseline 0 -21"><span class='ocrx_word' id='word_1_78' title='bbox 367 1937 695 2021; x_wconf 76' lang='lat' dir='ltr'>exP.III,9,‘lsqq.</span> 
     </span>
    </p>

    <p class='ocr_par' dir='ltr' id='par_1_6' title="bbox 459 2041 1259 2127">
     <span class='ocr_line' id='line_1_13' title="bbox 459 2041 1259 2127; baseline 0.003 -23"><span class='ocrx_word' id='word_1_79' title='bbox 459 2042 554 2127; x_wconf 82' lang='lat' dir='ltr'>,Ipse</span> <span class='ocrx_word' id='word_1_80' title='bbox 579 2063 638 2126; x_wconf 90' lang='lat' dir='ltr'>ego</span> <span class='ocrx_word' id='word_1_81' title='bbox 663 2041 818 2105; x_wconf 89' lang='lat' dir='ltr'>librorum</span> <span class='ocrx_word' id='word_1_82' title='bbox 841 2042 934 2105; x_wconf 80' lang='lat' dir='ltr'>video</span> <span class='ocrx_word' id='word_1_83' title='bbox 954 2041 1071 2104; x_wconf 88' lang='lat' dir='ltr'>delicta</span> <span class='ocrx_word' id='word_1_84' title='bbox 1094 2043 1259 2106; x_wconf 87' lang='lat' dir='ltr'>meorum’&#39;</span> 
     </span>
    </p>

    <p class='ocr_par' dir='ltr' id='par_1_7' title="bbox 371 2146 1285 2232">
     <span class='ocr_line' id='line_1_14' title="bbox 371 2146 1285 2232; baseline 0.001 -22"><span class='ocrx_word' id='word_1_85' title='bbox 371 2151 409 2211; x_wconf 79' lang='lat'>12</span> <span class='ocrx_word' id='word_1_86' title='bbox 504 2147 594 2227; x_wconf 85' lang='lat' dir='ltr'>,Nec</span> <span class='ocrx_word' id='word_1_87' title='bbox 617 2147 771 2232; x_wconf 91' lang='lat' dir='ltr'>quidquid</span> <span class='ocrx_word' id='word_1_88' title='bbox 794 2147 904 2231; x_wconf 89' lang='lat' dir='ltr'>genui,</span> <span class='ocrx_word' id='word_1_89' title='bbox 928 2147 1073 2231; x_wconf 89' lang='lat' dir='ltr'>protinus</span> <span class='ocrx_word' id='word_1_90' title='bbox 1097 2146 1175 2210; x_wconf 94' lang='lat' dir='ltr'>illud</span> <span class='ocrx_word' id='word_1_91' title='bbox 1204 2169 1285 2211; x_wconf 90' lang='lat' dir='ltr'>amo.</span> 
     </span>
    </p>

    <p class='ocr_par' dir='ltr' id='par_1_8' title="bbox 459 2251 1271 2442">
     <span class='ocr_line' id='line_1_15' title="bbox 459 2251 1271 2337; baseline 0 -21"><span class='ocrx_word' id='word_1_92' title='bbox 459 2251 523 2316; x_wconf 84' lang='lat' dir='ltr'>Our</span> <span class='ocrx_word' id='word_1_93' title='bbox 546 2253 654 2336; x_wconf 89' lang='lat' dir='ltr'>igitur,</span> <span class='ocrx_word' id='word_1_94' title='bbox 678 2253 705 2315; x_wconf 88' lang='lat' dir='ltr'>si</span> <span class='ocrx_word' id='word_1_95' title='bbox 729 2273 780 2315; x_wconf 89' lang='lat' dir='ltr'>me</span> <span class='ocrx_word' id='word_1_96' title='bbox 804 2251 897 2315; x_wconf 86' lang='lat' dir='ltr'>video</span> <span class='ocrx_word' id='word_1_97' title='bbox 921 2251 1121 2337; x_wconf 87' lang='lat' dir='ltr'>delinquere,</span> <span class='ocrx_word' id='word_1_98' title='bbox 1141 2273 1271 2337; x_wconf 87' lang='lat' dir='ltr'>peccem</span> 
     </span>
     <span class='ocr_line' id='line_1_16' title="bbox 504 2357 1244 2442; baseline 0.001 -22"><span class='ocrx_word' id='word_1_99' title='bbox 504 2367 536 2420; x_wconf 90' lang='lat' dir='ltr'>et</span> <span class='ocrx_word' id='word_1_100' title='bbox 560 2357 665 2441; x_wconf 89' lang='lat' dir='ltr'>patiar</span> <span class='ocrx_word' id='word_1_101' title='bbox 688 2357 805 2441; x_wconf 88' lang='lat' dir='ltr'>scripto</span> <span class='ocrx_word' id='word_1_102' title='bbox 830 2358 949 2420; x_wconf 90' lang='lat' dir='ltr'>crimen</span> <span class='ocrx_word' id='word_1_103' title='bbox 973 2357 1090 2439; x_wconf 85' lang='lat' dir='ltr'>inesse,</span> <span class='ocrx_word' id='word_1_104' title='bbox 1114 2359 1244 2442; x_wconf 60' lang='lat' dir='ltr'>rogas?</span> 
     </span>
    </p>

    <p class='ocr_par' dir='ltr' id='par_1_9' title="bbox 459 2461 1381 2649">
     <span class='ocr_line' id='line_1_17' title="bbox 459 2461 1381 2543; baseline 0.004 -18"><span class='ocrx_word' id='word_1_105' title='bbox 459 2461 672 2525; x_wconf 88' lang='lat' dir='ltr'>Non-eadem</span> <span class='ocrx_word' id='word_1_106' title='bbox 695 2463 776 2524; x_wconf 88' lang='lat' dir='ltr'>ratio</span> <span class='ocrx_word' id='word_1_107' title='bbox 802 2468 860 2543; x_wconf 91' lang='lat' dir='ltr'>est,</span> <span class='ocrx_word' id='word_1_108' title='bbox 884 2463 1003 2525; x_wconf 90' lang='lat' dir='ltr'>sentire</span> <span class='ocrx_word' id='word_1_109' title='bbox 1029 2468 1060 2524; x_wconf 91' lang='lat' dir='ltr'>et</span> <span class='ocrx_word' id='word_1_110' title='bbox 1084 2462 1214 2526; x_wconf 89' lang='lat' dir='ltr'>demere</span> <span class='ocrx_word' id='word_1_111' title='bbox 1238 2465 1381 2530; x_wconf 89' lang='lat' dir='ltr'>morbos:</span> 
     </span>
     <span class='ocr_line' id='line_1_18' title="bbox 507 2568 1274 2649; baseline 0.003 -19"><span class='ocrx_word' id='word_1_112' title='bbox 507 2587 618 2630; x_wconf 89' lang='lat' dir='ltr'>sensus</span> <span class='ocrx_word' id='word_1_113' title='bbox 642 2568 725 2630; x_wconf 89' lang='lat' dir='ltr'>inest</span> <span class='ocrx_word' id='word_1_114' title='bbox 749 2568 880 2649; x_wconf 90' lang='lat' dir='ltr'>cunctis,</span> <span class='ocrx_word' id='word_1_115' title='bbox 905 2568 1027 2631; x_wconf 92' lang='lat' dir='ltr'>tollitur</span> <span class='ocrx_word' id='word_1_116' title='bbox 1051 2575 1120 2632; x_wconf 91' lang='lat' dir='ltr'>arte</span> <span class='ocrx_word' id='word_1_117' title='bbox 1144 2570 1274 2632; x_wconf 90' lang='lat' dir='ltr'>malum.</span> 
     </span>
    </p>

    <p class='ocr_par' dir='ltr' id='par_1_10' title="bbox 460 2673 1320 2862">
     <span class='ocr_line' id='line_1_19' title="bbox 460 2673 1320 2759; baseline 0.001 -22"><span class='ocrx_word' id='word_1_118' title='bbox 460 2673 565 2759; x_wconf 80' lang='lat' dir='ltr'>Saepe</span> <span class='ocrx_word' id='word_1_119' title='bbox 589 2673 718 2758; x_wconf 81' lang='lat' dir='ltr'>aliquod</span> <span class='ocrx_word' id='word_1_120' title='bbox 736 2674 869 2737; x_wconf 88' lang='lat' dir='ltr'>verbum</span> <span class='ocrx_word' id='word_1_121' title='bbox 893 2673 1024 2758; x_wconf 90' lang='lat' dir='ltr'>cupiens</span> <span class='ocrx_word' id='word_1_122' title='bbox 1047 2681 1173 2736; x_wconf 90' lang='lat' dir='ltr'>mutare</span> <span class='ocrx_word' id='word_1_123' title='bbox 1196 2675 1320 2759; x_wconf 84' lang='lat' dir='ltr'>reliqui,</span> 
     </span>
     <span class='ocr_line' id='line_1_20' title="bbox 505 2779 1169 2862; baseline 0.002 -22"><span class='ocrx_word' id='word_1_124' title='bbox 505 2779 658 2842; x_wconf 88' lang='lat' dir='ltr'>iudicium</span> <span class='ocrx_word' id='word_1_125' title='bbox 680 2779 764 2842; x_wconf 86' lang='lat' dir='ltr'>vires</span> <span class='ocrx_word' id='word_1_126' title='bbox 788 2779 1029 2862; x_wconf 87' lang='lat' dir='ltr'>destituuntque</span> <span class='ocrx_word' id='word_1_127' title='bbox 1052 2798 1169 2841; x_wconf 90' lang='lat' dir='ltr'>meum.</span> 
     </span>
    </p>

    <p class='ocr_par' dir='ltr' id='par_1_11' title="bbox 460 2881 1438 3073">
     <span class='ocr_line' id='line_1_21' title="bbox 460 2881 1438 2969; baseline 0.002 -22"><span class='ocrx_word' id='word_1_128' title='bbox 460 2884 565 2969; x_wconf 79' lang='lat' dir='ltr'>Saepe</span> <span class='ocrx_word' id='word_1_129' title='bbox 589 2884 680 2969; x_wconf 90' lang='lat' dir='ltr'>piget</span> <span class='ocrx_word' id='word_1_130' title='bbox 695 2922 732 2930; x_wconf 88' lang='lat'>-</span> <span class='ocrx_word' id='word_1_131' title='bbox 755 2884 831 2969; x_wconf 93' lang='lat' dir='ltr'>quid</span> <span class='ocrx_word' id='word_1_132' title='bbox 855 2884 942 2947; x_wconf 90' lang='lat' dir='ltr'>enim</span> <span class='ocrx_word' id='word_1_133' title='bbox 954 2881 1099 2945; x_wconf 85' lang='lat' dir='ltr'>dubitem</span> <span class='ocrx_word' id='word_1_134' title='bbox 1111 2883 1169 2946; x_wconf 88' lang='lat' dir='ltr'>tibi</span> <span class='ocrx_word' id='word_1_135' title='bbox 1183 2905 1259 2948; x_wconf 88' lang='lat' dir='ltr'>vera</span> <span class='ocrx_word' id='word_1_136' title='bbox 1272 2884 1365 2949; x_wconf 80' lang='lat' dir='ltr'>lateri</span> <span class='ocrx_word' id='word_1_137' title='bbox 1378 2888 1438 2950; x_wconf 84' lang='lat'>?—</span> 
     </span>
     <span class='ocr_line' id='line_1_22' title="bbox 504 2986 1198 3073; baseline 0 -22"><span class='ocrx_word' id='word_1_138' title='bbox 504 2989 663 3072; x_wconf 84' lang='lat' dir='ltr'>corrigere</span> <span class='ocrx_word' id='word_1_139' title='bbox 688 2994 720 3050; x_wconf 88' lang='lat' dir='ltr'>et</span> <span class='ocrx_word' id='word_1_140' title='bbox 743 2988 831 3073; x_wconf 89' lang='lat' dir='ltr'>longi</span> <span class='ocrx_word' id='word_1_141' title='bbox 855 2987 939 3050; x_wconf 91' lang='lat' dir='ltr'>ferre</span> <span class='ocrx_word' id='word_1_142' title='bbox 962 2986 1081 3050; x_wconf 90' lang='lat' dir='ltr'>laboris</span> <span class='ocrx_word' id='word_1_143' title='bbox 1109 3009 1198 3051; x_wconf 90' lang='lat' dir='ltr'>onus.</span> 
     </span>
    </p>

    <p class='ocr_par' dir='ltr' id='par_1_12' title="bbox 461 3091 1357 3284">
     <span class='ocr_line' id='line_1_23' title="bbox 461 3091 1357 3177; baseline 0.003 -21"><span class='ocrx_word' id='word_1_144' title='bbox 461 3092 661 3156; x_wconf 82' lang='lat' dir='ltr'>Scribentem</span> <span class='ocrx_word' id='word_1_145' title='bbox 683 3093 772 3156; x_wconf 90' lang='lat' dir='ltr'>iuvat</span> <span class='ocrx_word' id='word_1_146' title='bbox 795 3092 864 3177; x_wconf 92' lang='lat' dir='ltr'>ipse</span> <span class='ocrx_word' id='word_1_147' title='bbox 887 3091 978 3155; x_wconf 92' lang='lat' dir='ltr'>labor</span> <span class='ocrx_word' id='word_1_148' title='bbox 1001 3092 1179 3177; x_wconf 90' lang='lat' dir='ltr'>minuitque</span> <span class='ocrx_word' id='word_1_149' title='bbox 1203 3094 1357 3177; x_wconf 92' lang='lat' dir='ltr'>dolorem,</span> 
     </span>
     <span class='ocr_line' id='line_1_24' title="bbox 506 3198 1288 3284; baseline 0.001 -24"><span class='ocrx_word' id='word_1_150' title='bbox 506 3219 640 3284; x_wconf 89' lang='lat' dir='ltr'>eumque</span> <span class='ocrx_word' id='word_1_151' title='bbox 664 3218 889 3278; x_wconf 90' lang='lat' dir='ltr'>succrescens</span> <span class='ocrx_word' id='word_1_152' title='bbox 912 3204 1042 3283; x_wconf 90' lang='lat' dir='ltr'>pectore</span> <span class='ocrx_word' id='word_1_153' title='bbox 1066 3198 1169 3262; x_wconf 83' lang='lat' dir='ltr'>fervet</span> <span class='ocrx_word' id='word_1_154' title='bbox 1193 3220 1288 3284; x_wconf 92' lang='lat' dir='ltr'>opus:</span> 
     </span>
    </p>

    <p class='ocr_par' dir='ltr' id='par_1_13' title="bbox 462 3304 1452 3498">
     <span class='ocr_line' id='line_1_25' title="bbox 462 3304 1452 3392; baseline 0.001 -27"><span class='ocrx_word' id='word_1_155' title='bbox 462 3305 621 3388; x_wconf 85' lang='lat' dir='ltr'>corrigere</span> <span class='ocrx_word' id='word_1_156' title='bbox 646 3310 753 3368; x_wconf 88' lang='lat' dir='ltr'>atres</span> <span class='ocrx_word' id='word_1_157' title='bbox 778 3309 826 3367; x_wconf 88' lang='lat' dir='ltr'>est</span> <span class='ocrx_word' id='word_1_158' title='bbox 848 3308 938 3368; x_wconf 92' lang='lat' dir='ltr'>tanto</span> <span class='ocrx_word' id='word_1_159' title='bbox 974 3304 1076 3387; x_wconf 88' lang='lat' dir='ltr'>magis</span> <span class='ocrx_word' id='word_1_160' title='bbox 1100 3304 1210 3386; x_wconf 89' lang='lat' dir='ltr'>ardua,</span> <span class='ocrx_word' id='word_1_161' title='bbox 1235 3309 1353 3388; x_wconf 87' lang='lat' dir='ltr'>quanto</span> <span class='ocrx_word' id='word_1_162' title='bbox 1449 3388 1452 3392; x_wconf 19' lang='lat'>¹</span> 
     </span>
     <span class='ocr_line' id='line_1_26' title="bbox 504 3407 1286 3498; baseline -0.001 -27"><span class='ocrx_word' id='word_1_163' title='bbox 504 3431 640 3494; x_wconf 90' lang='lat' dir='ltr'>magnus</span> <span class='ocrx_word' id='word_1_164' title='bbox 663 3409 850 3472; x_wconf 80' lang='lat' dir='ltr'>Aristarcho</span> <span class='ocrx_word' id='word_1_165' title='bbox 874 3408 976 3471; x_wconf 91' lang='lat' dir='ltr'>maior</span> <span class='ocrx_word' id='word_1_166' title='bbox 998 3407 1161 3471; x_wconf 89' lang='lat' dir='ltr'>Homerus</span> <span class='ocrx_word' id='word_1_167' title='bbox 1184 3407 1286 3498; x_wconf 53' lang='lat' dir='ltr'>erat’f</span> 
     </span>
    </p>
   </div>
   <div class='ocr_carea' id='block_1_5' title="bbox 327 3561 1446 4598">
    <p class='ocr_par' dir='ltr' id='par_1_14' title="bbox 328 3561 1445 4177">
     <span class='ocr_line' id='line_1_27' title="bbox 372 3561 1444 3649; baseline -0.002 -22"><span class='ocrx_word' id='word_1_168' title='bbox 372 3564 425 3627; x_wconf 85' lang='lat' dir='ltr'>Ex</span> <span class='ocrx_word' id='word_1_169' title='bbox 461 3563 511 3627; x_wconf 92' lang='lat' dir='ltr'>his</span> <span class='ocrx_word' id='word_1_170' title='bbox 546 3571 692 3649; x_wconf 88' lang='lat' dir='ltr'>apparet,</span> <span class='ocrx_word' id='word_1_171' title='bbox 727 3569 858 3649; x_wconf 89' lang='lat' dir='ltr'>poetam</span> <span class='ocrx_word' id='word_1_172' title='bbox 892 3568 998 3643; x_wconf 90' lang='lat' dir='ltr'>antea,</span> <span class='ocrx_word' id='word_1_173' title='bbox 1036 3583 1107 3624; x_wconf 93' lang='lat' dir='ltr'>cum</span> <span class='ocrx_word' id='word_1_174' title='bbox 1130 3561 1267 3646; x_wconf 83' lang='lat' dir='ltr'>gloriam</span> <span class='ocrx_word' id='word_1_175' title='bbox 1290 3567 1444 3648; x_wconf 89' lang='lat' dir='ltr'>captaret,</span> 
     </span>
     <span class='ocr_line' id='line_1_28' title="bbox 329 3666 1444 3756; baseline -0.001 -24"><span class='ocrx_word' id='word_1_176' title='bbox 329 3671 422 3755; x_wconf 92' lang='lat' dir='ltr'>eique</span> <span class='ocrx_word' id='word_1_177' title='bbox 447 3669 596 3754; x_wconf 88' lang='lat' dir='ltr'>antiquus</span> <span class='ocrx_word' id='word_1_178' title='bbox 619 3669 741 3754; x_wconf 90' lang='lat' dir='ltr'>ingenii</span> <span class='ocrx_word' id='word_1_179' title='bbox 765 3668 856 3756; x_wconf 87' lang='lat' dir='ltr'>vigor</span> <span class='ocrx_word' id='word_1_180' title='bbox 879 3667 1017 3748; x_wconf 88' lang='lat' dir='ltr'>adesset,</span> <span class='ocrx_word' id='word_1_181' title='bbox 1041 3667 1170 3730; x_wconf 90' lang='lat' dir='ltr'>solitum</span> <span class='ocrx_word' id='word_1_182' title='bbox 1193 3666 1291 3730; x_wconf 88' lang='lat' dir='ltr'>fuisse</span> <span class='ocrx_word' id='word_1_183' title='bbox 1304 3669 1444 3732; x_wconf 88' lang='lat' dir='ltr'>carmina</span> 
     </span>
     <span class='ocr_line' id='line_1_29' title="bbox 328 3771 1443 3859; baseline 0.001 -22"><span class='ocrx_word' id='word_1_184' title='bbox 328 3776 392 3838; x_wconf 91' lang='lat' dir='ltr'>iam</span> <span class='ocrx_word' id='word_1_185' title='bbox 426 3775 543 3859; x_wconf 89' lang='lat' dir='ltr'>scripta</span> <span class='ocrx_word' id='word_1_186' title='bbox 578 3774 689 3838; x_wconf 91' lang='lat' dir='ltr'>sedulo</span> <span class='ocrx_word' id='word_1_187' title='bbox 725 3773 895 3858; x_wconf 89' lang='lat' dir='ltr'>corrigere,</span> <span class='ocrx_word' id='word_1_188' title='bbox 927 3771 1109 3853; x_wconf 89' lang='lat' dir='ltr'>emendare,</span> <span class='ocrx_word' id='word_1_189' title='bbox 1145 3773 1302 3857; x_wconf 87' lang='lat' dir='ltr'>expolire.</span> <span class='ocrx_word' id='word_1_190' title='bbox 1334 3773 1443 3859; x_wconf 87' lang='lat' dir='ltr'>Atque</span> 
     </span>
     <span class='ocr_line' id='line_1_30' title="bbox 329 3876 1443 3964; baseline -0.003 -19"><span class='ocrx_word' id='word_1_191' title='bbox 329 3904 403 3945; x_wconf 92' lang='lat' dir='ltr'>eum</span> <span class='ocrx_word' id='word_1_192' title='bbox 430 3883 463 3944; x_wconf 92' lang='lat' dir='ltr'>in</span> <span class='ocrx_word' id='word_1_193' title='bbox 491 3902 529 3945; x_wconf 90' lang='lat' dir='ltr'>eo</span> <span class='ocrx_word' id='word_1_194' title='bbox 553 3881 662 3942; x_wconf 88' lang='lat' dir='ltr'>labore</span> <span class='ocrx_word' id='word_1_195' title='bbox 687 3878 815 3964; x_wconf 89' lang='lat' dir='ltr'>saepius</span> <span class='ocrx_word' id='word_1_196' title='bbox 840 3877 1013 3940; x_wconf 87' lang='lat' dir='ltr'>amicorum</span> <span class='ocrx_word' id='word_1_197' title='bbox 1037 3883 1069 3938; x_wconf 90' lang='lat' dir='ltr'>et</span> <span class='ocrx_word' id='word_1_198' title='bbox 1093 3876 1299 3940; x_wconf 83' lang='lat' dir='ltr'>familiarium</span> <span class='ocrx_word' id='word_1_199' title='bbox 1323 3878 1443 3942; x_wconf 80' lang='lat' dir='ltr'>auxilio</span> 
     </span>
     <span class='ocr_line' id='line_1_31' title="bbox 330 3983 1445 4072; baseline -0.004 -22"><span class='ocrx_word' id='word_1_200' title='bbox 330 3995 425 4072; x_wconf 88' lang='lat' dir='ltr'>atque</span> <span class='ocrx_word' id='word_1_201' title='bbox 460 3986 576 4050; x_wconf 91' lang='lat' dir='ltr'>iudicio</span> <span class='ocrx_word' id='word_1_202' title='bbox 609 4006 701 4048; x_wconf 93' lang='lat' dir='ltr'>usum</span> <span class='ocrx_word' id='word_1_203' title='bbox 725 4005 804 4064; x_wconf 88' lang='lat' dir='ltr'>esse,</span> <span class='ocrx_word' id='word_1_204' title='bbox 829 3999 936 4066; x_wconf 89' lang='lat' dir='ltr'>supra,</span> <span class='ocrx_word' id='word_1_205' title='bbox 962 4004 1015 4067; x_wconf 91' lang='lat' dir='ltr'>pg.</span> <span class='ocrx_word' id='word_1_206' title='bbox 1041 3984 1080 4044; x_wconf 83' lang='lat'>21</span> <span class='ocrx_word' id='word_1_207' title='bbox 1107 4002 1173 4065; x_wconf 92' lang='lat' dir='ltr'>sqq.</span> <span class='ocrx_word' id='word_1_208' title='bbox 1200 3987 1232 4044; x_wconf 87' lang='lat' dir='ltr'>et</span> <span class='ocrx_word' id='word_1_209' title='bbox 1255 3983 1445 4066; x_wconf 89' lang='lat' dir='ltr'>praesertim</span> 
     </span>
     <span class='ocr_line' id='line_1_32' title="bbox 330 4092 718 4177; baseline -0.008 -20"><span class='ocrx_word' id='word_1_210' title='bbox 330 4115 383 4177; x_wconf 85' lang='lat' dir='ltr'>pg.</span> <span class='ocrx_word' id='word_1_211' title='bbox 408 4096 460 4175; x_wconf 83' lang='lat'>23,</span> <span class='ocrx_word' id='word_1_212' title='bbox 484 4095 548 4157; x_wconf 90' lang='lat' dir='ltr'>iam</span> <span class='ocrx_word' id='word_1_213' title='bbox 570 4092 718 4156; x_wconf 75' lang='lat' dir='ltr'>vidimus.</span> 
     </span>
    </p>

    <p class='ocr_par' dir='ltr' id='par_1_15' title="bbox 327 4191 1446 4598">
     <span class='ocr_line' id='line_1_33' title="bbox 374 4191 1445 4280; baseline -0.006 -20"><span class='ocrx_word' id='word_1_214' title='bbox 374 4199 446 4261; x_wconf 87' lang='lat' dir='ltr'>Hoc</span> <span class='ocrx_word' id='word_1_215' title='bbox 479 4199 564 4262; x_wconf 89' lang='lat' dir='ltr'>enim</span> <span class='ocrx_word' id='word_1_216' title='bbox 587 4198 727 4261; x_wconf 92' lang='lat' dir='ltr'>studium</span> <span class='ocrx_word' id='word_1_217' title='bbox 751 4193 936 4280; x_wconf 80' lang='lat' dir='ltr'>expoliendi</span> <span class='ocrx_word' id='word_1_218' title='bbox 961 4212 1002 4255; x_wconf 89' lang='lat' dir='ltr'>ne</span> <span class='ocrx_word' id='word_1_219' title='bbox 1026 4197 1098 4276; x_wconf 90' lang='lat' dir='ltr'>post</span> <span class='ocrx_word' id='word_1_220' title='bbox 1121 4191 1353 4276; x_wconf 90' lang='lat' dir='ltr'>relegationem</span> <span class='ocrx_word' id='word_1_221' title='bbox 1378 4191 1445 4276; x_wconf 91' lang='lat' dir='ltr'>qui-</span> 
     </span>
     <span class='ocr_line' id='line_1_34' title="bbox 329 4294 1445 4381; baseline -0.006 -16"><span class='ocrx_word' id='word_1_222' title='bbox 329 4303 403 4368; x_wconf 93' lang='lat' dir='ltr'>dem</span> <span class='ocrx_word' id='word_1_223' title='bbox 438 4305 588 4368; x_wconf 91' lang='lat' dir='ltr'>continuo</span> <span class='ocrx_word' id='word_1_224' title='bbox 623 4303 797 4366; x_wconf 86' lang='lat' dir='ltr'>interierat.</span> <span class='ocrx_word' id='word_1_225' title='bbox 833 4298 876 4361; x_wconf 87' lang='lat' dir='ltr'>Et</span> <span class='ocrx_word' id='word_1_226' title='bbox 909 4296 1031 4381; x_wconf 89' lang='lat' dir='ltr'>gloriae</span> <span class='ocrx_word' id='word_1_227' title='bbox 1067 4294 1225 4381; x_wconf 87' lang='lat' dir='ltr'>cupiditas</span> <span class='ocrx_word' id='word_1_228' title='bbox 1256 4305 1289 4358; x_wconf 89' lang='lat' dir='ltr'>et</span> <span class='ocrx_word' id='word_1_229' title='bbox 1312 4295 1445 4358; x_wconf 89' lang='lat' dir='ltr'>facultas</span> 
     </span>
     <span class='ocr_line' id='line_1_35' title="bbox 328 4399 1446 4493; baseline -0.006 -23"><span class='ocrx_word' id='word_1_230' title='bbox 328 4409 451 4493; x_wconf 84' lang='lat' dir='ltr'>ingenii</span> <span class='ocrx_word' id='word_1_231' title='bbox 486 4416 517 4472; x_wconf 88' lang='lat' dir='ltr'>ct</span> <span class='ocrx_word' id='word_1_232' title='bbox 551 4407 743 4472; x_wconf 88' lang='lat' dir='ltr'>emendandi</span> <span class='ocrx_word' id='word_1_233' title='bbox 767 4403 933 4483; x_wconf 90' lang='lat' dir='ltr'>industria,</span> <span class='ocrx_word' id='word_1_234' title='bbox 957 4401 1083 4464; x_wconf 85' lang='lat' dir='ltr'>vinculo</span> <span class='ocrx_word' id='word_1_235' title='bbox 1109 4399 1246 4484; x_wconf 91' lang='lat' dir='ltr'>quodam</span> <span class='ocrx_word' id='word_1_236' title='bbox 1270 4407 1338 4463; x_wconf 89' lang='lat' dir='ltr'>arto</span> <span class='ocrx_word' id='word_1_237' title='bbox 1362 4401 1446 4464; x_wconf 90' lang='lat' dir='ltr'>inter</span> 
     </span>
     <span class='ocr_line' id='line_1_36' title="bbox 327 4505 1446 4598; baseline -0.007 -22"><span class='ocrx_word' id='word_1_238' title='bbox 327 4534 361 4579; x_wconf 91' lang='lat' dir='ltr'>se</span> <span class='ocrx_word' id='word_1_239' title='bbox 386 4534 563 4596; x_wconf 87' lang='lat' dir='ltr'>connexae,</span> <span class='ocrx_word' id='word_1_240' title='bbox 586 4511 787 4598; x_wconf 89' lang='lat' dir='ltr'>pedetentim</span> <span class='ocrx_word' id='word_1_241' title='bbox 811 4509 902 4574; x_wconf 89' lang='lat' dir='ltr'>annis</span> <span class='ocrx_word' id='word_1_242' title='bbox 926 4507 1015 4570; x_wconf 85' lang='lat' dir='ltr'>exilii</span> <span class='ocrx_word' id='word_1_243' title='bbox 1037 4505 1318 4592; x_wconf 88' lang='lat' dir='ltr'>praetereuntibus</span> <span class='ocrx_word' id='word_1_244' title='bbox 1337 4505 1446 4569; x_wconf 88' lang='lat' dir='ltr'>decre·</span> 
     </span>
    </p>
   </div>
   <div class='ocr_carea' id='block_1_6' title="bbox 0 0 1654 5125">
    <p class='ocr_par' dir='ltr' id='par_1_16' title="bbox 0 0 1654 5125">
     <span class='ocr_line' id='line_1_37' title="bbox 0 0 1654 5125; baseline 0 0"><span class='ocrx_word' id='word_1_245' title='bbox 0 0 1654 5125; x_wconf 95' lang='lat' dir='ltr'> </span> 
     </span>
    </p>
   </div>
  </div>
 </body>
</html>
