2956 4958
712 437 754 497 20

219 621 291 683 llce
323 621 436 681 merito
464 627 593 704 pmtom
618 619 657 680 (le
683 641 716 681 se
741 621 937 699 emmtiasse,
962 622 1095 685 Seneca
1113 624 1286 686 testimonio

177 726 293 808 insigni
316 727 492 788 eoulirmat.
518 725 586 787 lllis
611 725 818 808 temporibus,
843 736 878 787 ut
903 733 1013 787 uotum
1029 735 1099 806 est,
1124 749 1193 791 mos
1218 736 1286 809 erat,

176 838 211 893 ut
245 831 335 915 pueri
373 831 424 913 qui
462 830 500 892 ud
538 830 674 892 hommes
709 831 852 914 publicos
885 831 1045 911 geremias
1070 832 1286 913 educarentur,

177 937 297 999 artibus
335 936 529 1014 liluualilms,
566 937 597 996 iu
634 936 743 1018 prioris
780 936 934 998 rhetorica
969 937 1174 1000 erudirentur
1209 939 1287 1000 etin

175 1041 291 1104 scholis
325 1041 490 1102 rhetoricis
522 1040 748 1102 deelamareut.
782 1040 823 1102 lis
848 1043 1133 1105 exercitationibus
1158 1043 1287 1106 scholas·

176 1146 246 1209 ticis
281 1148 492 1231 praefuerunt
528 1145 671 1228 magistri
706 1145 897 1226 rhetoricae,
933 1146 986 1229 qui
1011 1155 1043 1209 et
1068 1147 1128 1231 ipsi
1154 1147 1289 1231 exempli

175 1272 270 1314 causa
302 1250 527 1313 (leelamubant
558 1249 763 1312 audientibus
794 1258 826 1311 et
850 1249 1014 1335 discipulis
1039 1259 1071 1314 ct
1095 1252 1216 1315 amicis.
1240 1252 1289 1314 Se·

174 1377 254 1419 neca
289 1372 409 1436 autem,
445 1356 498 1439 qui
537 1355 576 1417 de
612 1355 650 1416 iis
675 1354 962 1419 declamationibus
986 1358 1087 1420 multa
1111 1363 1231 1439 narrat,
1253 1356 1288 1419 dc

176 1461 302 1541 Ouidio,
332 1482 427 1544 quem
451 1461 520 1545 ipsc
546 1460 779 1522 declamantem
805 1461 938 1542 audivit,
963 1461 1056 1525 dicit:
1080 1462 1202 1542 „oratio
1227 1462 1289 1524 eius

175 1568 238 1630 ium
264 1576 330 1628 tum
358 1566 437 1627 nibil
460 1565 547 1627 aliud
567 1573 693 1649 poterat
713 1565 812 1626 rideri
834 1586 929 1645 quma
949 1567 1089 1630 solutum
1110 1564 1289 1648 ca1·mcn”²).

452 1753 469 1833 ᾖ
497 1756 527 1815 2.
576 1752 738 1832 Jrqreuium
760 1775 848 1811 saraim
873 1751 1008 1812 recoluit.

220 1915 321 1979 Musis
357 1937 464 1978 earum
501 1920 732 1999 acceptumque
767 1915 934 1998 ingenium
959 1938 1051 1978 suum
1079 1915 1215 1982 Ovidius
1241 1939 1291 1981 ex·

176 2022 274 2085 coluit
309 2021 417 2083 multis
453 2020 600 2104 legendis
641 2018 800 2104 poematis
831 2026 863 2081 ct
893 2020 1048 2083 iaciendis
1076 2021 1141 2084 iam
1178 2023 1291 2107 puerili

175 2133 282 2189 aetate
313 2126 486 2188 versiculis.
512 2125 551 2188 In
576 2123 688 2187 studiis
712 2131 821 2187 tamen
848 2125 963 2187 artium
986 2124 1169 2189 liberalium
1194 2126 1292 2189 nihilo

175 2232 280 2293 minus
324 2231 544 2316 perseveravit
581 2249 686 2309 neque
722 2229 790 2290 sino
826 2229 921 2291 laude
959 2250 997 2292 ca
1031 2230 1178 2293 confecit.
1212 2230 1294 2294 Nam

181 2344 276 2417 „tunc
313 2358 385 2399 cum
419 2334 588 2399 studebat''
613 2335 657 2397 ait
682 2334 814 2415 Seneca,
842 2335 964 2413 „bonus
986 2334 1168 2399 habebatur
1192 2335 1295 2399 decla·

176 2442 310 2506 mator.’'
353 2440 465 2521 „Adeo
500 2441 641 2503 studiose
665 2439 839 2502 Latronem
874 2439 986 2520 audiit,
1010 2446 1046 2503 ut
1070 2441 1188 2504 multas
1213 2440 1295 2503 illius

179 2549 355 2612 sententias
377 2547 410 2608 in
434 2567 544 2609 versus
568 2567 641 2608 suos
665 2542 895 2607 transtulerit.'’

221 2652 290 2716 Nec
324 2652 375 2715 hic
410 2651 574 2714 Musarum
608 2671 697 2712 arnor
727 2670 800 2712 cum
824 2649 954 2730 reliquit
978 2671 1049 2713 cum
1074 2649 1192 2712 artium
1216 2649 1294 2712 libe-

177 2759 291 2821 ralinm
318 2757 431 2820 studiis
453 2756 577 2819 Romae
596 2755 747 2840 perfectis
760 2754 800 2816 ad
814 2754 1027 2817 cruditionem
1040 2754 1294 2840 perpoliendam,

179 2871 215 2927 ut
251 2872 326 2925 tunc
362 2863 458 2925 moris
495 2868 573 2940 erat,
597 2859 744 2922 Athenas
769 2867 801 2921 ct
825 2860 858 2921 in
881 2858 1018 2941 Asiam²l
1039 2882 1072 2922 se
1099 2861 1294 2940 contulisset,

180 2990 251 3031 cum
280 2974 407 3050 sumpta
431 2973 506 3049 toga
528 2964 611 3026 virili
632 2964 751 3048 primos
776 2965 925 3028 iuvenilis
950 2964 1065 3028 aetatis
1088 2966 1228 3029 honores
1248 2984 1294 3026 cc-

179 3075 278 3160 pisset
310 3079 342 3134 et
367 3071 604 3155 magistratibus
629 3070 805 3133 minoribus
829 3072 1029 3155 fungeretur.
1052 3069 1195 3154 Negotia
1219 3089 1293 3133 vero

178 3179 306 3265 publica
330 3199 403 3240 eum
423 3198 488 3239 non
507 3176 721 3257 delectabant,
741 3175 782 3238 ad
801 3176 900 3238 vitam
919 3175 1077 3261 privatam
1097 3196 1173 3238 mox
1183 3174 1293 3238 rediit:

222 3285 317 3347 Trist.
343 3282 401 3363 IV,
429 3285 479 3363 10,
505 3284 545 3344 35
570 3303 636 3365 sqq.

314 3386 431 3468 „Curia
446 3387 601 3448 restabat:
616 3386 697 3448 clavi
710 3406 859 3448 mensura
874 3391 983 3448 coacta
997 3391 1060 3447 est:

401 3489 503 3552 maius
528 3496 596 3552 erat
619 3490 735 3552 nostris
758 3489 879 3552 viribus
902 3489 982 3552 illud
1006 3510 1098 3554 onus

312 3595 382 3658 Nec
406 3594 531 3680 paticus
556 3615 669 3678 corpus
693 3614 752 3656 nec
776 3615 867 3656 mens
891 3594 951 3656 fuit
975 3599 1050 3678 apta
1072 3592 1185 3674 labori,

402 3699 621 3779 sollicitaeque
646 3698 748 3782 fugax
772 3700 956 3762 ambitionis
977 3721 1074 3763 cram.

313 3804 355 3866 Et
378 3813 489 3890 petere
514 3803 639 3866 Aoniae
665 3804 844 3866 sumlebant
869 3812 938 3868 tuta
962 3825 1087 3867 sorores

404 3909 478 3990 otia,
503 3909 620 3972 iudicio
645 3929 772 3992 semper
797 3916 903 3972 amata
927 3908 1031 3972 mec.’'

225 4013 339 4097 Itaque
372 4022 407 4077 ut
442 4020 545 4077 totum
569 4035 603 4076 se
640 4013 753 4076 studiis
776 4015 911 4098 poeticis
934 4013 1062 4077 tradere
1085 4017 1205 4097 posset,
1230 4033 1297 4074 cur-

181 4119 315 4181 riculum
352 4119 507 4181 honorum
539 4118 690 4181 deseruit.
716 4118 825 4180 Otium
850 4141 941 4181 suum
967 4117 1079 4181 tribuit
1102 4116 1296 4179 carminibus

222 4344 250 4413 l)
273 4345 389 4412 Seneca,
413 4345 552 4402 Controv.
576 4343 624 4408 H„
639 4346 683 4408 lb,
706 4347 732 4399 8.

222 4424 250 4496 2)
273 4423 361 4481 'lma
395 4424 419 4493 I,
451 4427 477 4490 2,
510 4424 562 4482 77:
586 4430 654 4488 (non
677 4425 744 4494 poto
766 4426 851 4495 quas)
874 4421 1021 4495 quondam
1045 4418 1118 4494 polii
1140 4418 1296 4484 studiosus

261 4502 401 4570 Athenas,
424 4504 531 4579 oppida
552 4521 608 4558 non
631 4501 727 4569 Asiae,
749 4521 806 4559 non
829 4503 893 4559 loca
916 4502 976 4559 visa
997 4499 1087 4575 prins.
