2956 4958
715 391 756 452 86

173 594 256 656 quae
288 571 425 634 doceant
456 591 530 633 oum
555 571 631 634 talia
656 593 720 636 non
743 574 841 638 anxie
865 575 993 639 vitasse.
1018 574 1092 638 Hoc
1116 574 1204 638 enim
1228 576 1298 662 ipso

171 680 253 760 loco,
289 684 324 740 ut
354 697 455 738 unum
480 677 592 738 saltem
619 680 806 763 exemplum
831 679 974 762 afferam,
1000 701 1072 742 oasa
1096 679 1299 745 Philemonis

173 783 330 847 vocabulo
366 779 470 863 ,teeta'
495 780 664 863 indicatur,
688 804 736 846 vs.
763 786 823 847 691
854 785 969 864 ,modo
994 792 1101 847 vestra
1124 785 1299 870 relinquite

172 887 276 970 teeta'3
313 886 397 971 quod
434 886 625 949 vocabulum
661 888 750 951 brevi
784 896 857 974 post
890 890 938 952 bis
968 890 1114 969 iteratur,
1139 911 1186 952 vs.
1213 893 1297 954 697:

176 1001 322 1075 ,tantum
360 1013 417 1055 sua.
453 999 538 1054 tecta
574 992 726 1056 manere‘’
751 1000 782 1056 et
806 1017 852 1057 vs.
880 996 962 1058 701:
989 1001 1188 1076 ,aurataque
1214 1000 1300 1058 tecta

173 1097 354 1163 videntur.”

220 1203 289 1267 Nee
323 1224 403 1288 opus
428 1222 497 1264 osse
522 1201 599 1265 dicit
622 1202 778 1267 Heinsius
803 1225 840 1266 eo
866 1203 934 1286 ,Dis
957 1203 1200 1290 praeeuntibus’
1227 1226 1300 1269 eum

177 1317 209 1374 et
241 1309 318 1372 deos
349 1306 479 1371 iussisse
503 1315 539 1370 ut
562 1329 596 1371 se
621 1310 861 1392 comitarentur,
886 1316 919 1373 et
941 1311 1012 1373 illos
1036 1310 1182 1394 paruisse
1206 1330 1301 1395 prae·

176 1415 308 1478 miserit.
343 1412 390 1475 At
424 1413 449 1474 si
489 1414 560 1493 quis
595 1433 637 1476 ex
661 1413 777 1477 Ouidio
802 1435 968 1478 removere
992 1415 1102 1495 vellet,
1127 1435 1212 1500 quae
1236 1436 1302 1479 nou

178 1541 258 1605 opus
294 1525 411 1599 essent,
447 1526 533 1581 certo
568 1518 665 1603 plane
701 1520 799 1582 aliurn
836 1518 987 1583 Ovidium
1023 1521 1230 1585 haberemus.
1259 1521 1303 1584 Et

177 1623 263 1709 quod
287 1624 389 1686 maius
413 1629 472 1704 est,
497 1645 561 1687 non
584 1645 714 1708 prorsus
738 1624 825 1687 idem
850 1631 908 1706 est,
933 1625 959 1688 si
984 1625 1062 1688 dicis
1082 1625 1160 1689 deos
1173 1625 1302 1711 praeire

177 1729 363 1794 Philemoni
387 1735 419 1792 et
442 1727 577 1791 Baucidi
602 1750 638 1792 ac
663 1750 717 1792 eos
741 1729 876 1793 deorum
899 1731 1018 1815 gradus
1043 1731 1198 1794 comitari.

225 1834 401 1918 Nugatoris
431 1839 648 1897 commentum
673 1855 742 1897 csse
767 1835 821 1898 illa
845 1836 943 1899 verba
967 1836 1066 1920 igitur
1088 1835 1181 1898 iustis
1205 1856 1303 1919 ergu-

181 1940 298 2004 mentis
333 1959 398 2002 non
433 1937 633 2001 confirmavit
668 1938 834 2002 Heinsius
871 1938 917 2002 At
942 1948 1062 2022 contra,
1089 1941 1233 2025 quisquis
1257 1962 1303 2003 rs.

183 2048 246 2109 693
281 2045 342 2107 tria
379 2044 492 2107 ultima
525 2043 624 2106 verba
656 2043 777 2106 delevit
800 2051 832 2106 et
855 2066 912 2129 pro
938 2045 975 2107 iis
1000 2045 1126 2129 scripsit
1150 2045 1214 2108 alia
1238 2044 1304 2127 illa,

181 2151 208 2213 is
244 2149 387 2236 proiecto
412 2149 641 2212 amoenitatem
664 2148 726 2212 loci
750 2150 852 2231 auxit,
876 2149 1033 2235 picturae,
1056 2157 1094 2213 ut
1116 2150 1162 2212 ita
1187 2149 1305 2231 dicam,

182 2255 330 2318 addenda
354 2255 506 2338 imagine,
531 2275 593 2338 qua
617 2275 710 2317 senes
736 2255 859 2318 baculis
881 2255 1022 2318 nitentes
1035 2255 1171 2318 deorum
1183 2253 1306 2338 gradus

181 2367 353 2445 sequentes
390 2379 529 2443 aequare
565 2360 671 2421 eonati
706 2359 812 2423 vivide
837 2365 912 2422 ante
937 2361 1046 2423 oeulos
1070 2360 1303 2446 depinguntur.

180 2466 223 2530 Et
258 2465 329 2546 quis
362 2465 445 2527 hanc
479 2463 656 2549 imaginem
691 2463 898 2550 descriptioni
935 2464 1054 2528 addere
1090 2465 1197 2550 potuit
1243 2463 1306 2527 nisi

181 2578 279 2658 poeta
302 2571 398 2657 ipse?

183 2785 278 2866 VIII,
304 2786 367 2848 695
391 2804 461 2866 sqq.

230 2890 388 2954 Continuo
413 2894 509 2972 poeta
533 2888 679 2972 procedit
701 2889 775 2951 itae

185 3057 230 3099 vs.
241 3032 304 3097 695
317 3032 459 3095 Tantum
491 3031 626 3093 aberant
649 3052 785 3113 summo,
810 3038 966 3116 quantum
990 3031 1091 3094 semel
1114 3031 1161 3092 ire
1186 3031 1308 3115 sagitta

318 3137 414 3200 missa
437 3142 562 3221 potest:
587 3136 709 3199 flexere
734 3138 843 3200 oculos
868 3144 900 3200 et
924 3158 1029 3200 mersa
1052 3134 1172 3221 palude

318 3249 424 3306 cetera
447 3241 656 3327 prospiciunt,
680 3247 806 3304 tantum
831 3264 888 3304 sua
911 3249 996 3305 tecta
1020 3261 1161 3304 manere.

317 3348 468 3432 Dumque
494 3367 532 3410 ea
556 3347 725 3428 mirantur,
750 3346 827 3409 dum
852 3347 972 3411 deflent
995 3348 1061 3410 fata
1086 3367 1229 3427 suorum,

318 3454 373 3516 illa
396 3460 500 3533 vetus,
524 3451 662 3515 dominis
686 3452 784 3514 etiam
808 3473 880 3515 easa
903 3474 1003 3537 parva
1027 3451 1152 3514 duobus

320 3557 456 3621 vertitur
479 3558 512 3619 in
536 3555 711 3641 templum:
737 3606 744 3619 .
770 3606 777 3620 .
804 3606 810 3620 .
836 3578 902 3641 sqq.

231 3706 282 3770 Ita
305 3706 380 3769 inde
405 3728 423 3769 a
448 3704 581 3769 Oiofano
605 3726 708 3789 usque
734 3705 774 3767 ad
799 3711 943 3767 nostrum
967 3712 1096 3790 tempus
1116 3703 1309 3767 omnesedi·

188 3819 273 3876 tores
309 3811 483 3893 exhibent3
518 3812 563 3874 ita
597 3811 694 3874 etiarn
720 3811 855 3874 codices.
880 3810 1031 3874 Narratio
1056 3811 1142 3873 enim
1166 3808 1309 3873 breviter

188 3918 319 3999 quidem
364 3917 421 3980 sed
456 3916 644 4001 simpliciter
679 3923 711 3980 et
747 3918 867 4001 optime
903 3917 1089 3980 continuata
1127 3921 1193 3997 est;
1228 3914 1309 3976 nihil

189 4022 289 4105 deest,
326 4022 408 4085 nihil
444 4021 588 4085 offendit.
627 4020 691 4083 Sed
724 4019 876 4084 Ciofanus
900 4030 933 4084 et
956 4027 1029 4106 post
1053 4040 1128 4083 euru
1151 4017 1308 4081 Heinsius

190 4135 222 4191 et
256 4127 309 4190 alii
347 4127 543 4191 adulterinos
578 4134 772 4190 censuerunt
804 4147 915 4189 versus
940 4126 1029 4207 alios,
1054 4124 1107 4208 qui
1132 4124 1166 4185 in
1190 4123 1307 4186 codici-

189 4233 248 4296 bus
284 4232 447 4295 Marciano
484 4239 515 4295 et
550 4232 767 4317 Amploniano
803 4232 836 4295 in
872 4232 1016 4316 margine
1041 4236 1115 4293 sunt
1139 4228 1307 4314 adscripti:

212 4375 275 4437 696
323 4371 419 4434 missa
441 4379 556 4455 potest.
582 4373 703 4435 flexere
729 4373 836 4435 oeulos
861 4378 893 4435 et
916 4370 1070 4451 inhospita
1095 4378 1171 4428 terto

321 4502 418 4548 quorun
442 4479 550 4551 >evariant
576 4489 783 4560 praetereantque
807 4478 858 4538 ubi
879 4479 940 4542 sirit
959 4478 1017 4562 [rici.
1041 4474 1173 4542 cellariae
1198 4471 1308 4540 serdicae:
