2956 4958
715 387 756 450 50

173 575 285 658 gilium
333 571 472 635 maxime
518 567 669 634 Ovidium
712 577 923 656 sequerentur
967 593 1103 658 poeseos
1147 584 1182 640 et
1218 577 1291 641 artis

174 678 325 743 metricae
363 684 536 741 auctorem.
570 676 708 762 Magnus
741 678 840 762 igitur
866 685 914 741 est
940 699 1094 743 numerus
1118 690 1292 766 auctorum,

174 786 228 870 qui
263 784 368 847 iudice
408 783 551 846 Luciano
586 782 723 846 Mullero
757 783 921 846 Nasonem
957 786 1058 848 secuti
1096 795 1180 851 sunt.
1203 788 1293 852 Haec

174 892 259 954 enim
297 897 345 953 est
377 890 475 952 series
502 910 597 973 quam
621 890 675 952 illc
700 889 815 952 refert:
831 890 852 972 ¹)
880 897 1046 970 ,auctores
1069 892 1293 978 Priapeorum,

217 995 406 1074 Columella,
434 994 594 1074 Lucanus,
620 994 783 1057 Homerus
808 995 953 1076 Latinus,
967 995 1171 1082 Calpurnius,
1186 1005 1295 1063 auctor

218 1101 258 1163 ad
295 1100 459 1180 Pisonem,
495 1103 628 1181 Seneca,
663 1099 830 1180 Martialis,
868 1100 1093 1185 Nemesianus,
1117 1103 1295 1186 Palladius,

219 1204 425 1285 Claudianus,
470 1203 621 1286 ltutilius,
672 1204 898 1286 Merobaudes,
943 1204 1097 1289 Avienus,
1133 1207 1295 1291 Sedulius,

218 1309 347 1389 Areten,
367 1308 536 1390 Boethius,
560 1309 708 1394 plerique
731 1316 900 1395 poctarum
925 1311 1116 1375 minorum.'’

218 1415 353 1477 Etiamsi
377 1435 441 1476 non
459 1413 517 1476 hos
537 1435 648 1477 omnes
668 1413 819 1476 Ovidium
838 1435 973 1500 poeseos
993 1422 1026 1479 et
1045 1417 1122 1480 artis
1140 1419 1296 1482 metricae

175 1528 337 1583 auctorem
374 1519 434 1582 sibi
469 1520 674 1605 proposuisse
699 1520 792 1583 certis
817 1522 1015 1605 argumentis
1038 1522 1297 1588 demonstratum

174 1624 224 1706 sit,
249 1632 298 1688 sat
323 1646 459 1708 uragnus
483 1632 593 1688 tamon
616 1646 769 1689 numerus
788 1632 888 1688 restat
907 1627 1108 1713 scriptorum,
1129 1629 1184 1713 qui
1205 1630 1296 1693 illum

173 1750 232 1814 per
268 1728 370 1793 multa
401 1731 530 1793 saccula
555 1751 673 1793 nomen
697 1732 805 1814 magni
829 1731 1052 1817 ingeniosique
1075 1740 1194 1818 poetae
1219 1736 1295 1799 reti-

172 1835 280 1898 nuisse
304 1835 486 1898 ostendunt.

216 1941 352 2003 Praeter
386 1941 444 2004 hos
479 1962 555 2003 vcro
592 1943 773 2026 complures
809 1943 907 2005 ctiam
932 1944 1104 2029 scriptores
1129 1952 1216 2028 sunt,
1241 1947 1295 2031 qui

173 2053 229 2109 aut
259 2045 335 2130 quid
360 2045 400 2107 de
425 2044 542 2109 Ovidio
566 2054 663 2130 poeta
687 2047 900 2111 iudicaverint
923 2049 1047 2134 scriptis
1071 2050 1137 2113 suis
1160 2051 1295 2114 manda-

173 2158 300 2232 verunt,
335 2158 390 2215 aut
434 2152 496 2214 alio
532 2151 627 2215 modo
665 2153 774 2216 testati
808 2158 893 2234 sunt,
928 2174 1003 2216 eum
1039 2175 1057 2236 a
1092 2174 1126 2217 se
1160 2155 1295 2218 minime

173 2258 359 2341 neglectum
382 2257 435 2319 vel
458 2257 565 2341 potius
588 2259 698 2341 magni
722 2259 927 2321 aestimatum
952 2278 1031 2321 esse.

218 2362 333 2443 Itaque
357 2363 460 2448 primo
485 2363 655 2447 scriptores
685 2363 779 2448 primi
803 2372 875 2448 post
900 2362 973 2426 Chr.
998 2385 1029 2426 n.
1054 2365 1174 2428 saeculi
1199 2365 1295 2429 adea·

175 2491 254 2531 mus.
290 2468 342 2530 Ex
373 2469 423 2530 his
447 2468 511 2531 duo
535 2468 595 2530 viri
619 2469 727 2551 magni
751 2489 887 2549 quorum
911 2469 1065 2532 iudicium
1090 2469 1178 2533 hand
1203 2473 1295 2556 parvi

174 2574 356 2637 faciendum
407 2579 464 2655 est,
503 2573 690 2658 primarium
736 2574 842 2636 locum
878 2574 1055 2656 obtineant,
1091 2573 1217 2638 Seneca
1252 2599 1295 2640 so.

173 2679 384 2765 philosophus
409 2686 441 2742 et
466 2678 692 2750 Quintilianus.

217 2838 255 2901 L.
288 2838 494 2901 Annaeus
524 2837 697 2917 Seneca,
719 2835 944 2918 Cordubensis,
964 2837 1188 2923 philosophus,
1209 2840 1295 2905 filius

174 2943 317 3006 Senecae
352 2943 499 3023 rhetoris,
523 2949 655 3027 propter
678 2942 789 3022 multa,
815 2941 930 3026 quibus
953 2947 1069 3026 poetae
1094 2943 1209 3007 similis
1234 2953 1295 3029 est,

174 3048 346 3134 aliquando
381 3047 448 3130 ,der
476 3046 559 3110 Ovid
584 3047 641 3110 der
663 3046 773 3110 Prosa’
799 3054 847 3111 cst
871 3047 1099 3132 appellatusl)
1123 3048 1156 3111 ls
1181 3058 1295 3114 autem

174 3153 326 3217 Ovidium
363 3154 468 3238 ipsum
497 3173 562 3215 non
585 3158 720 3216 noverat
744 3152 884 3237 quidem,
909 3152 965 3215 sed
990 3175 1008 3216 a
1031 3160 1123 3238 patre
1148 3177 1296 3221 amorem

173 3260 287 3323 saltem
321 3261 406 3322 illius
441 3265 557 3343 poetae
593 3264 626 3321 et
656 3256 879 3320 declamatoris
903 3264 1081 3343 acceperat.
1104 3258 1296 3326 Permultos

175 3366 260 3427 enim
285 3386 327 3428 ex
347 3366 415 3427 eius
435 3363 629 3427 carminibus
648 3383 759 3425 versus
778 3361 939 3425 laudando
960 3364 1153 3448 saepiusque
1173 3387 1297 3430 nomen

174 3476 230 3533 aut
265 3490 362 3555 opera
387 3468 514 3532 citando
539 3474 686 3550 testatur,
712 3467 822 3552 quanti
847 3487 921 3530 eum
945 3468 1067 3532 fecerit.
1092 3468 1139 3531 At
1158 3468 1305 3555 Seneca,-

175 3575 320 3658 quamuis
340 3573 492 3637 Ovidium
514 3580 702 3658 ,poetarum
722 3571 1036 3657 ingeniosissimum’'
1055 3574 1210 3660 appellet,
1230 3597 1297 3641 non

176 3679 263 3742 omni
297 3686 407 3743 tamen
442 3701 484 3742 ex
518 3685 609 3765 parte
646 3698 720 3740 eum
754 3669 876 3739 laudat.
913 3676 987 3740 Uno
1012 3669 1193 3742 enim'loco
1220 3701 1295 3744 eum

177 3784 393 3868 reprehendit,
429 3791 526 3869 atque
560 3783 594 3846 id
628 3782 684 3846 ubi
719 3802 761 3844 cx
783 3780 1090 3866 Metamorphoseon
1113 3783 1216 3867 libris,
1242 3786 1295 3871 qui

176 3888 317 3972 alioquin
341 3891 371 3951 ei
393 3889 427 3951 in
451 3889 573 3952 deliciis
598 3893 699 3966 erant,
724 3886 917 3948 sententiam
941 3887 1055 3950 refert:
1075 3887 1142 3951 Nat
1162 3889 1293 3962 Quaest.

175 3991 236 4073 III,
274 3996 326 4076 27,
366 3997 414 4058 13.

219 4097 269 4160 Ibi
304 4107 422 4179 narrat,
458 4120 531 4161 cum
563 4096 670 4160 fatalis
693 4095 761 4157 dies
786 4093 897 4157 diluvii
921 4096 1055 4177 venerit,
1086 4099 1291 4180 quemadmo-

174 4286 318 4293 *—

220 4376 244 4446 l)
285 4374 313 4432 d.
336 4394 359 4431 r.
381 4386 434 4432 msu‘
455 4393 502 4449 pg.
527 4374 593 4430 145.

216 4454 245 4527 2)
286 4454 323 4511 Α.
346 4455 472 4524 Boseth,
495 4452 615 4528 Encycl.
638 4471 684 4527 pg.
707 4451 772 4509 707.
