3298 5134
703 479 743 556 35

163 683 288 760 rerunt,
336 671 412 740 dum
459 700 533 762 spes
567 679 688 742 reditus
726 680 828 764 magis
863 679 1030 765 magisque
1067 681 1280 752 minuebatur.

161 782 279 847 Primis
314 783 400 846 enim
430 785 531 864 annis,
561 784 638 847 dum
662 784 766 848 adhuc
789 806 906 870 magna
930 793 999 850 erat
1022 809 1096 873 spes
1119 792 1279 857 mitiorem

161 887 228 951 fore
253 888 406 973 principis
430 888 801 972 animum,·carminibus
825 891 896 975 plus
921 890 1068 955 adhibuit
1091 895 1279 981 industriae,

161 1013 256 1076 quarn
291 993 469 1077 posteriore
504 999 661 1080 tempore,
686 1017 758 1058 cum
793 996 936 1058 animum
965 996 1029 1059 iam
1053 997 1279 1085 desponderat.

158 1096 249 1160 Tunc
284 1098 383 1160 etiarn
418 1099 489 1182 plus
525 1100 629 1183 riguit
653 1122 751 1181 amor,
777 1121 838 1184 quo
863 1121 920 1162 sua
943 1101 1013 1185 ipse
1038 1113 1189 1187 poemata
1212 1129 1279 1172 am·

159 1202 318 1286 plectitur.
355 1203 446 1266 Tune
475 1205 514 1268 ab
538 1205 576 1267 iis
600 1204 704 1267 adhue
727 1206 812 1269 laeto
837 1206 944 1268 animo
969 1213 1137 1272 aeternum
1161 1233 1279 1277 nomen

158 1307 310 1391 sperarit.
349 1308 464 1393 Itaque
501 1330 574 1372 oum
610 1310 720 1373 morbo
745 1310 886 1402 afflictus
909 1317 1047 1375 mortem
1071 1321 1146 1378 ante
1171 1319 1279 1382 oculos

157 1412 292 1476 vidisset
314 1413 453 1497 ideoque
477 1415 570 1476 uxori
595 1415 735 1499 elogium
759 1415 903 1499 sepulcro
928 1436 985 1479 suo
1010 1418 1181 1502 aliquando
1201 1423 1278 1486 inci-

157 1516 302 1580 dendum
325 1516 503 1598 mandaret,
528 1517 602 1582 huie
625 1519 760 1604 scripsit,
792 1518 887 1582 Trist.
905 1520 974 1601 ΙΙΙ,
1001 1524 1030 1602 3,
1057 1525 1095 1586 77
1122 1547 1199 1610 sqq.:

791 1624 933 1704 ,maiora
955 1625 1056 1689 libelli

339 1733 371 1790 et
394 1726 546 1790 diuturna
571 1729 673 1813 magis
697 1735 772 1792 sunt
796 1729 994 1793 monimenta
1018 1731 1106 1815 mihi,

291 1855 370 1917 quos
394 1854 455 1918 ego
479 1833 614 1916 confido,
639 1834 784 1918 quamvis
807 1855 956 1915 nocuere,
980 1834 1110 1902 daturos

337 1959 455 2002 nomen
481 1945 513 2001 et
536 1940 658 2002 auctori
682 1946 828 2023 tempora
851 1939 947 2022 longa
971 1940 1058 2004 suo'’.

155 2043 196 2106 Et
220 2043 338 2107 eodem
362 2045 429 2107 lere
454 2053 599 2129 tempore
623 2043 774 2124 Perillae,
799 2043 894 2106 Trist.
933 2044 995 2116 ΙΙΙ,
1024 2047 1051 2127 l,
1087 2051 1128 2111 45
1153 2071 1232 2134 sqq.:
1280 2033 1281 2036 Ἴ

608 2150 683 2231 ,Nil
707 2171 772 2213 non
795 2150 930 2212 mortale
956 2156 1102 2216 tenemus

338 2257 475 2341 pectoris
500 2257 646 2342 exeeptis
669 2255 856 2340 ingeniique
881 2254 1003 2318 bonis.’'

156 2361 245 2446 53sq.
286 2360 357 2441 ,Tu
393 2382 530 2446 quoque,
566 2382 661 2445 quam
696 2359 793 2422 studii
829 2366 959 2421 maneat
988 2360 1111 2426 felicior
1143 2387 1219 2428 usus

335 2465 442 2550 effuge
466 2473 629 2546 venturos,
655 2486 716 2549 qua
739 2469 841 2549 potes,
865 2485 966 2548 usque
990 2466 1116 2551 rogos”.

199 2667 217 2747 ξ
242 2671 274 2729 8.
324 2664 515 2728 Carminibus
551 2668 614 2726 rom
643 2667 725 2726 olous
749 2686 894 2746 maguam
917 2684 1025 2724 nomen
1049 2668 1176 2749 adeptus
1203 2681 1230 2730 et

378 2779 554 2860 maritorum,
572 2779 707 2839 amicitia
731 2788 758 2838 et
774 2777 886 2860 farore
911 2799 981 2836 usus
1000 2789 1050 2840 est.

197 2988 403 3053 Carminibus
438 3010 515 3074 ergo
551 2988 687 3073 gloriam
718 3006 899 3070 nomenque
924 2992 1093 3050 aeternum
1118 2996 1150 3052 et
1173 2993 1277 3075 poetis

155 3093 375 3178 quaerendum
400 3111 479 3157 esse·
494 3100 526 3156 et
550 3115 568 3156 a
591 3114 625 3156 se
649 3113 749 3178 prope
766 3091 853 3154 omni
877 3096 983 3153 aetate
1004 3112 1074 3154 esse
1095 3097 1276 3177 quaesitum

37 3201 38 3250 ἒ
154 3197 289 3262 Ovidius
314 3199 442 3284 saepius
466 3199 643 3283 profitetur.
669 3197 770 3281 quue
795 3217 828 3259 se
853 3197 917 3258 iam
938 3196 1047 3258 vivum
1068 3208 1275 3264 consecutum

154 3322 222 3366 esse
261 3303 322 3366 sibi
352 3321 542 3388 persuasum
565 3303 679 3366 habuit
702 3303 766 3364 iam
790 3308 875 3380 tuno,
901 3321 971 3362 cum
994 3300 1153 3365 Amorum
1177 3305 1275 3370 libros

154 3409 300 3488 confecit,
335 3407 410 3470 Am.
446 3408 473 3490 I,
501 3410 551 3481 15,
575 3410 614 3469 41
652 3428 698 3490 sq.
729 3411 762 3468 et
784 3404 858 3467 Am.
884 3403 946 3485 HI,
974 3407 1024 3485 15,
1049 3408 1068 3467 8
1093 3429 1159 3491 sqq.
1185 3409 1272 3489 (vide

153 3533 205 3598 pg.
255 3516 296 3576 30
328 3534 373 3596 sq.
387 3512 409 3594 ).
454 3511 505 3575 Sic
541 3512 638 3574 etiam
674 3533 746 3573 cum
781 3514 929 3594 quartum
966 3507 1119 3572 Tristium
1153 3512 1269 3576 librum

153 3617 290 3680 Romam
320 3617 474 3679 missurus
499 3616 626 3701 epilogo
650 3615 812 3696 instruxit,
838 3634 899 3698 quo
925 3613 1146 3697 „posteritati”
1169 3617 1269 3681 vitam

155 3743 243 3786 suam
278 3728 433 3803 narraret,
469 3727 596 3804 gratum
630 3720 732 3784 Musis
766 3719 909 3786 animum
932 3723 1077 3800 testatur,
1103 3740 1184 3803 quae
1208 3723 1270 3807 ipsi

154 3825 306 3890 haetenus
325 3826 442 3889 solacio
462 3824 581 3888 fuerint
600 3832 633 3888 et
652 3824 736 3910 quod
755 3843 883 3907 semper
902 3823 1111 3905 quaesivisset
1128 3825 1268 3910 benigne

156 3931 382 4016 praestiterint.
570 3971 571 3974 η

199 4035 294 4099 Trist.
319 4034 378 4117 IV,
405 4037 455 4116 10,
483 4036 543 4096 117
569 4056 635 4119 sqq.

286 4138 430 4221 ,Gratia
453 4138 558 4220 Musa,
583 4138 651 4201 tibi.
675 4137 761 4201 Nam
785 4143 820 4200 tu
844 4138 960 4201 solacia
984 4138 1121 4222 praebes

328 4253 364 4308 tu
388 4263 482 4306 curae
506 4245 644 4328 requies,
669 4249 704 4305 tu
730 4241 888 4305 medicina
911 4242 1027 4324 venis,-

283 4356 319 4413 tu
341 4349 409 4412 dux
433 4355 466 4411 et
489 4368 595 4412 comes
620 4369 664 4430 es,
688 4355 724 4411 tu
747 4369 805 4411 nos
828 4347 959 4410 abducis
984 4347 1024 4410 ab
1047 4346 1159 4410 Histro

326 4454 360 4518 in
383 4453 554 4538 medioque
579 4453 657 4517 mihi
681 4452 738 4515 das
760 4451 921 4516 Helicone
945 4452 1060 4514 locum.

283 4557 332 4622 Tu
355 4558 446 4642 mihi,
471 4558 687 4644 quadrarum
711 4564 768 4629 est,
792 4556 865 4619 vivo
889 4554 1026 4618 sublime
1051 4553 1167 4617 dedisti
