3224 5130
864 459 904 520 52

325 652 474 711 numerat
498 644 639 731 quidem„
659 643 743 707 inter
762 650 874 729 poetas
894 651 1003 707 tamen
1022 643 1201 732 laudandos
1220 665 1284 708 non
1305 645 1440 710 Ovidius

323 753 380 816 sed
416 751 580 837 Vergilius
603 750 742 835 primum
766 751 872 812 locum
897 750 1031 813 obtinet.
1057 750 1121 812 Hic
1143 755 1313 836 poetarum
1338 772 1440 813 roma-

325 880 439 921 norum
466 855 795 940 „auspicatissimum”
820 856 923 940 inquit
948 856 1165 927 Quintilianus
1192 855 1338 934 „dederit
1351 876 1442 917 exor-

326 962 450 1042 diunr'’;
486 961 537 1024 hic
572 967 644 1045 post
678 959 859 1022 llomerum
892 967 939 1022 est
963 960 1132 1041 sccrrndus„
1159 961 1309 1045 „propior
1334 966 1441 1022 tamen

324 1069 428 1153 primo
452 1087 549 1147 quam
572 1064 698 1129 tertio.”
725 1065 853 1144 „Ueteri
877 1086 987 1127 omnes
1011 1067 1107 1149 longe
1132 1063 1337 1149 sequentur.”

326 1174 419 1254 §88
447 1172 678 1252 „Lascivus
709 1170 839 1255 quidem
877 1171 911 1232 in
935 1170 1071 1233 heroicis
1095 1190 1223 1254 quoque
1259 1169 1441 1233 Ovidius

415 1286 447 1340 ct
501 1277 675 1339 nimium
718 1281 877 1339 amator
923 1276 1092 1360 ingenii
1141 1277 1213 1358 sui„
1261 1274 1440 1338 laudandus

412 1391 521 1446 tamen
544 1383 578 1444 in
600 1379 775 1466 partibus.’'

325 1489 418 1570 §93
446 1489 580 1572 „Elegia
625 1506 754 1567 quoquc
799 1486 940 1549 Graecos
974 1506 1196 1570 provocamus„
1238 1484 1327 1548 cuius
1363 1483 1441 1546 mihi

415 1601 517 1656 tersus
555 1599 651 1676 atque
677 1593 808 1677 elegans
832 1593 973 1654 maxime
997 1591 1126 1654 videtur
1149 1598 1260 1654 auctor
1284 1589 1440 1653 Tibullus.

414 1698 496 1760 Sunt
536 1699 591 1778 qui
634 1697 840 1782 Propertium
879 1697 1001 1776 malint,
1033 1696 1217 1760 Ovidius
1258 1703 1440 1780 utroque

413 1803 629 1882 lascivior„
665 1803 747 1865 sicut
770 1801 879 1864 durior
903 1800 1045 1864 Gallus’'.

326 1909 343 1988 ἓ
369 1912 420 1972 98.
449 1906 557 1986 „Iam”
595 1906 648 1987 (de
673 1906 859 1990 tragoediae
884 1907 1091 1991 scriptoribus
1115 1928 1200 1969 nunc
1224 1906 1304 1990 agit)
1331 1903 1440 1986 „Varii

415 2015 573 2098 Thyestes
597 2013 729 2076 cuilibet
752 2033 942 2096 graecarum
961 2013 1138 2098 comparari
1157 2017 1273 2096 potest.
1299 2009 1441 2074 Ovidii

413 2118 563 2182 Medea
604 2118 780 2181 videtur
816 2117 918 2180 mihi
957 2118 1204 2198 ostendere,
1241 2123 1441 2200 quantum

413 2225 493 2287 ille
523 2223 585 2287 vir
613 2229 839 2308 praestare
869 2224 1073 2308 potuerit,
1105 2222 1140 2285 si
1169 2223 1339 2306 ingenio
1369 2241 1440 2283 suo

414 2331 632 2414 imperare
667 2351 788 2412 quarn
823 2329 1060 2412 indulgere
1096 2326 1357 2390 maluisset.’'

370 2482 517 2547 Eandem
551 2483 716 2546 lasciviam
739 2490 908 2569 praeterea
935 2482 1144 2567 reprehendit
1169 2481 1386 2555 Quintilianus
1409 2482 1441 2544 in

325 2589 578 2671 transitionibus„
601 2588 706 2652 Instit.
731 2595 810 2652 orat
834 2587 892 2670 IV,
920 2592 948 2669 1,
975 2591 1014 2652 76
1040 2609 1102 2672 sq.:

439 2693 615 2774 „Quotiens
638 2701 745 2758 autem
758 2695 923 2779 prooemio
939 2694 1093 2757 fuerimus
1106 2695 1165 2775 usi„
1178 2701 1246 2756 tum
1258 2693 1325 2756 sive
1339 2693 1372 2755 in
1385 2713 1442 2756 ex-

414 2799 607 2886 positionem
626 2798 831 2862 transibimus
857 2799 924 2861 sivc
945 2800 1091 2884 protinus
1103 2798 1144 2862 ad
1160 2799 1394 2883 probationem„
1410 2797 1443 2860 id

414 2904 546 2968 debebit
569 2905 602 2966 in
627 2905 784 2989 principio
809 2911 1008 2990 postremum
1029 2925 1109 2984 esse„
1123 2905 1173 2968 cui
1186 2903 1443 2967 commodissime

413 3010 503 3095 iungi
516 3009 645 3072 initium
658 3010 860 3093 sequentium
878 3010 1007 3094 poterit.
1032 3009 1115 3072 llla
1150 3032 1169 3070 v
1181 3030 1248 3073 ero
1284 3009 1443 3094 trigida

416 3119 455 3178 et
477 3114 672 3199 puerilis
697 3119 762 3176 est
785 3114 825 3175 in
844 3113 1006 3177 scholis
1027 3114 1443 3201 adfectatio„utipse

415 3218 634 3282 transitus
665 3218 844 3282 efficiat
874 3220 1068 3300 aliquam
1097 3221 1249 3305 utique
1273 3226 1443 3284 senten-

413 3325 518 3388 tiam
553 3330 594 3387 et
632 3323 754 3388 huius
785 3325 906 3388 velut
936 3325 1215 3408 praestigiae
1246 3325 1443 3411 plausum

413 3437 545 3515 petat,
581 3435 625 3492 ut
649 3428 829 3493 Ovidius
852 3430 1056 3492 lascivire
1080 3431 1122 3493 in
1145 3430 1443 3515 Metamorpho-

415 3535 530 3598 sesin
576 3536 699 3615 solet„
732 3539 854 3620 quam
887 3541 1024 3597 tamen
1058 3556 1269 3600 excusare
1302 3551 1443 3600 neces-

415 3640 522 3703 sitas
551 3646 712 3724 potest„
744 3661 810 3703 res
843 3639 1162 3703 diversissimas
1186 3642 1443 3726 inspeciem

413 3745 541 3808 unius
566 3745 758 3830 corporis
782 3744 1092 3830 colligentem.'’

369 3898 587 3970 Quintilianus
610 3898 711 3983 igitur
735 3898 888 3962 Ovidium
911 3907 1042 3986 poetam
1066 3899 1274 3982 laudandum,
1298 3899 1443 3984 ingenio-

326 4026 396 4067 sum
432 4009 551 4085 censet„
587 4003 640 4088 qui
675 4005 812 4068 multum
836 4013 1001 4089 praestare
1025 4006 1192 4090 potuisset„
1216 4006 1272 4069 sed
1297 4027 1371 4070 eum
1395 4027 1444 4068 re-

327 4109 509 4195 prehendit„
545 4108 629 4193 quod
665 4110 706 4172 sit
737 4111 885 4191 lascivus„
910 4109 994 4194 quod
1030 4110 1196 4193 ingenium
1232 4132 1325 4174 suum
1349 4109 1443 4173 nimis
1527 4164 1529 4170 ,

328 4221 424 4295 amet„
456 4215 549 4298 eique
581 4213 680 4298 igitur
704 4215 881 4298 indulgeat,
905 4236 970 4277 non
993 4216 1141 4299 imperet„
1166 4215 1251 4300 quod
1274 4216 1308 4278 in
1331 4216 1444 4279 transi·

327 4320 467 4384 tionibus
490 4319 631 4403 pucriles
655 4326 762 4404 captet
786 4320 1027 4383 adfectationes.

370 4423 558 4488 Notandum
595 4430 653 4504 est,
687 4424 748 4487 hoc
771 4424 924 4488 iudicium
954 4446 1019 4488 non
1038 4425 1175 4489 multum
1199 4426 1380 4512 discrepare
1404 4428 1442 4490 ab

327 4531 375 4613 iis„
400 4525 482 4614 qu‘ae
507 4550 549 4592 ex
576 4530 699 4593 Seneca
718 4530 848 4593 rhetore
867 4530 999 4614 eiusque
1018 4530 1083 4594 filio
1103 4533 1320 4616 cognovimus.
1344 4533 1443 4597 Prae-
