3298 5134
801 516 840 578 31

439 698 584 783 praemia
607 699 741 763 militiae
764 700 991 785 pulverulenta
1015 703 1115 785 sequi,

394 824 454 866 nee
478 825 530 866 me
559 805 710 868 verbosas
733 805 824 889 leges
848 804 1003 887 ediscere,
1027 827 1087 870 nec
1112 828 1163 870 me

438 908 565 993 ingrato
589 930 700 972 vocem
725 910 927 994 prostituisse
950 909 1043 974 foro?

393 1012 531 1075 Mortale
556 1019 614 1094 est,
639 1014 724 1098 quod
750 1015 877 1096 quaeris
901 1036 998 1099 opus:
1023 1016 1102 1078 mihi
1125 1017 1210 1080 fama
1229 1019 1381 1102 perennis

439 1118 615 1202 quaeritur,
639 1118 673 1182 in
696 1125 763 1183 toto
788 1139 916 1205 semper
939 1125 976 1183 ut
999 1120 1076 1183 orbe
1101 1120 1227 1184 canar.'’

303 1302 346 1365 Et
377 1309 548 1386 postquam
581 1304 719 1388 gloriam
753 1311 917 1368 aeternam
954 1307 1125 1388 enarravit,
1146 1326 1244 1387 quam
1267 1311 1377 1393 magni

259 1413 377 1492 poetae
401 1407 511 1496 adepti
534 1414 624 1471 sunt:

259 1577 351 1658 4100.
364 1574 470 1659 ,Ergo
496 1575 593 1638 etiam
617 1596 689 1638 cum
713 1597 765 1639 me
789 1597 959 1662 supremus
982 1576 1130 1640 adederit
1151 1578 1246 1662 ignis,

436 1679 553 1762 vivam,
576 1701 715 1764 parsque
739 1681 804 1744 mei
828 1683 929 1744 multa
953 1689 1117 1767 superstes
1142 1682 1232 1746 erit.'’

302 1838 410 1902 Etiam
444 1861 517 1902 curn
542 1840 642 1924 elegis
665 1841 850 1905 imbellibus
873 1842 971 1905 finem
995 1842 1136 1906 facturus
1160 1842 1318 1906 Amorum
1341 1844 1378 1907 li-

257 1943 351 2006 brum
375 1941 426 2006 111
450 1944 591 2008 carmine
616 1945 790 2027 clauderet,
814 1946 864 2010 his
888 1948 995 2011 verbis
1019 1947 1059 2011 dc
1084 1968 1118 2010 00
1141 1948 1298 2033 promisit,

254 2067 642 2152 111,15,c:,Paerignae
666 2069 753 2133 dicar
776 2071 879 2154 gloria
902 2072 1008 2155 gentis
1032 2071 1112 2156 ego'’

259 2175 368 2257 llsqq.
396 2171 525 2257 ,Atque
561 2174 675 2258 aliquis
710 2181 858 2260 spectans
893 2177 1011 2261 hospes
1046 2176 1208 2239 Sulmonis
1243 2177 1354 2261 aquosi

478 2299 608 2344 moerua
635 2327 642 2342 .
668 2328 675 2342 .
702 2329 708 2342 .
735 2329 741 2342 .

390 2404 482 2467 ,quae
507 2384 644 2447 tantum'
669 2383 754 2447 dicat
779 2385 937 2469 ,potuistis
961 2386 1048 2449 10000
1069 2392 1200 2471 poetam

458 2489 756 2573 quantulacumque
781 2490 867 2572 estis,
891 2512 947 2554 vos
976 2512 1036 2575 ego
1061 2512 1180 2574 magna
1205 2489 1303 2553 voco’.

301 2672 480 2736 Aeternum
515 2693 635 2736 nomen
664 2673 763 2758 igitur
786 2682 1042 2759 perpetuamque
1066 2674 1205 2758 gloriam
1229 2674 1377 2737 carmini-

256 2775 317 2839 bus
340 2783 376 2839 ut
399 2777 641 2863 adipisceretur,
665 2779 725 2841 hoc
749 2779 818 2841 eius
841 2779 983 2841 studium
1007 2785 1085 2859 erat,
1109 2778 1204 2841 Trist.
1229 2778 1256 2860 I,
1287 2782 1311 2859 l,

281 2883 392 2962 53sq.:
419 2881 552 2962 ,Donec
576 2903 664 2946 eram
688 2903 808 2967 sospes,
833 2883 917 2945 tituli
942 2882 1100 2967 tangebar
1123 2904 1244 2964 amore,

434 2986 676 3068 quaerendique
700 2987 779 3049 mihi
803 2987 940 3050 nominis
965 2987 1059 3050 ardor
1083 2987 1182 3051 erat.’'

302 3162 479 3229 Summam¹
500 3165 636 3249 gloriam
671 3185 704 3227 00
729 3169 858 3227 nactum
883 3185 963 3245 esse,
988 3171 1298 3245 monumentumque
1322 3185 1378 3248 pe-

253 3289 357 3331 renne
392 3269 452 3332 sibi
487 3269 632 3353 posuisse
668 3269 820 3332 credebat
843 3275 951 3354 poeta,
976 3290 1048 3331 eum
1071 3267 1377 3352 Metamorphoseon

254 3374 439 3436 narratione
477 3373 517 3436 ad
541 3373 639 3437 finem
663 3374 723 3436 sibi
746 3373 946 3460 propositum
970 3372 1107 3435 feliciter
1130 3371 1286 3457 perducta
1310 3374 1376 3458 epi-

253 3479 366 3562 logum
403 3477 547 3558 adderet,
584 3499 645 3562 quo
681 3499 839 3541 summam
874 3477 1151 3563 exspectationem
1174 3497 1265 3539 suam
1288 3477 1378 3539 velut

253 3581 457 3667 triumphans
479 3583 712 3667 pronuntiavit,
735 3581 814 3645 Met.
839 3582 914 3663 XV,
940 3581 1000 3644 871
1028 3603 1085 3666 sq:

348 3760 500 3844 ,Iamque
525 3781 606 3844 opus
630 3761 737 3844 exegi,
762 3760 847 3845 quod
871 3780 931 3822 neo
954 3759 1041 3822 Iovis
1063 3757 1111 3821 ira
1134 3777 1194 3820 nec
1217 3756 1301 3840 ignis

388 3886 448 3928 nec
470 3866 589 3950 poterit
612 3864 733 3927 ferrum
756 3885 816 3928 nec
840 3865 925 3928 edax
948 3865 1077 3928 abolere
1102 3860 1276 3927 vetustas.”

301 4040 453 4106 Ceterum
487 4065 559 4107 cum
592 4043 689 4128 paulo
713 4048 884 4126 postquam
907 4043 988 4105 haec
1007 4041 1132 4126 scripsit
1155 4038 1290 4102 Ovidius
1314 4038 1376 4101 Το-

255 4169 325 4210 mos
360 4148 407 4211 100
430 4148 534 4212 iussus
559 4154 644 4211 00001
668 4168 725 4210 suo
750 4147 881 4228 quidem
904 4146 1022 4209 iudicio
1047 4145 1220 4230 praecipue
1244 4149 1376 4229 propter

254 4251 407 4333 carmina,
442 4251 667 4335 desperatione
705 4253 871 4336 perculsus
908 4249 1012 4334 primo
1047 4249 1106 4312 hoc
1129 4249 1235 4334 ipsum
1258 4266 1375 4332 poema

253 4355 398 4419 nondum
437 4356 605 4439 vulgatum
639 4357 673 4419 in
707 4357 817 4440 ignem
851 4354 972 4436 iniecit,
1001 4355 1101 4418 iratus
1124 4353 1227 4416 Musis
1250 4357 1283 4414 et
1306 4372 1374 4414 car-

254 4460 405 4526 minibus.
443 4460 508 4524 Sed
540 4483 626 4552 mox,
649 4468 685 4525 ut
708 4461 773 4542 iam
796 4459 945 4542 vidimus,
969 4459 1137 4540 Musarum
1160 4456 1375 4538 sacerdotium

253 4567 415 4664 repetivit,
620 4553 622 4562 ’
