2956 4958
217 421 242 460 11

712 576 752 640 V.

214 735 267 799 Ex
302 732 397 797 Trist.
430 732 493 814 ΠΙ,
532 737 582 814 14,
620 736 638 796 5
673 755 739 817 sqq.
766 741 798 796 et
831 755 874 797 ex
898 735 1004 798 Ponto
1028 733 1054 816 I,
1083 739 1111 816 l,
1139 739 1178 798 12
1205 736 1296 800 effici

172 860 237 903 non
271 846 387 924 potest,
423 840 508 923 quod
543 838 581 902 Ο.
618 838 767 902 Ribbeck
802 840 977 921 contendit,
1004 840 1113 904 Ovidii
1139 841 1295 927 operibus

174 945 271 1008 etiam
294 944 496 1008 bibliothecis
519 943 656 1030 publicis
683 943 889 1008 interdictum
915 946 1024 1008 fuisse.

703 1179 761 1243 VI.

215 1318 378 1403 Hyginus,
412 1318 593 1404 praefectus
614 1318 829 1382 bibliothecae
854 1318 1024 1382 Palatinae
1048 1340 1113 1381 non
1139 1318 1201 1380 fuit
1229 1317 1295 1398 ille,

174 1420 228 1508 qui
262 1421 358 1486 Trist.
393 1423 458 1509 HI,
495 1427 545 1505 14,
584 1426 598 1486 l
637 1425 749 1506 ,cultor
773 1429 806 1486 et
831 1424 964 1487 antistes
989 1422 1156 1486 doctorum
1183 1429 1297 1486 sancte

173 1527 324 1591 virorum'
357 1530 539 1616 appellatur
576 1536 608 1592 et
645 1529 696 1592 cui
734 1526 869 1591 Ovidius
902 1527 1180 1613 Metamorphoses
1208 1548 1297 1591 com·

175 1633 349 1696 mandavit.

699 1865 777 1929 VII.

220 2004 372 2068 Ovidium
407 2026 558 2068 versuum
593 2005 765 2089 particulas
801 2011 856 2068 aut
891 2003 1094 2067 hemistichia
1118 2003 1299 2087 reliquisse,

177 2109 262 2196 quod
298 2110 339 2172 N.
375 2110 530 2173 Heinsius
566 2115 598 2170 et
633 2117 706 2193 post
743 2129 816 2172 eum
842 2108 934 2171 multi
962 2108 1207 2187 contenderunt,
1233 2127 1300 2170 non

177 2214 330 2277 credibile
353 2222 411 2277 est.

568 2484 573 2492 ·
692 2447 787 2510 inu.
879 2431 881 2435 ‘

220 2586 342 2649 Iniuria
376 2585 416 2648 R.
448 2585 585 2665 Merkel,
610 2584 704 2648 Ovid.
730 2584 804 2648 Vol.
826 2584 872 2648 ΙΙΙ
893 2585 994 2669 praef.
1027 2586 1066 2648 ‘25
1095 2606 1137 2647 ex
1160 2585 1296 2666 Seneca,

178 2690 328 2755 Oontrov.
363 2690 440 2770 Vll,
484 2695 511 2771 l,
546 2693 599 2767 27,
636 2675 855 2753 testimonium
891 2691 974 2774 petit
1009 2689 1050 2753 ad
1077 2687 1298 2772 efficiendum,

179 2791 331 2859 Ovidium
366 2795 554 2879 Vergiliano
593 2795 742 2879 exemplo
782 2792 857 2857 data
892 2815 990 2879 opera
1021 2815 1081 2857 nee
1104 2795 1172 2858 sine
1199 2792 1301 2857 artifi-

179 2902 226 2966 cio
253 2921 404 2987 versuum
432 2900 604 2982 particulas
629 2906 684 2962 aut
707 2898 910 2962 hemistichia
933 2899 1110 2982 reliquisse.

713 3132 774 3196 IX.

181 3272 314 3352 Seneca,
339 3269 446 3334 Oontr.
471 3269 531 3351 IX,
558 3269 610 3351 28,
637 3272 696 3333 17:

271 3420 356 3481 ,non
385 3398 488 3462 minus
513 3421 663 3483 magnam
688 3399 841 3461 virtutem
867 3418 936 3461 esse
963 3398 1044 3461 scire
1068 3397 1175 3461 dicere
1200 3418 1300 3482 quam

181 3506 260 3569 scire
285 3504 464 3568 desineres*
535 3540 538 3544 ·

224 3633 435 3719 Legendum:
462 3655 558 3717 quam
581 3633 661 3696 scire
688 3633 794 3696 dicere
817 3653 887 3696 esse
913 3632 993 3694 scire
1017 3630 1176 3712 desinere,

359 3745 430 3827 aut:
455 3758 524 3800 esse
551 3736 631 3800 seire
658 3735 805 3800 desinere
832 3756 929 3817 quarn
954 3736 1035 3800 scire
1059 3725 1175 3798 dicere.

698 3988 766 4051 vX.

183 4125 316 4208 Seneca,
341 4124 449 4188 Oontr.
474 4126 518 4207 II,
546 4129 596 4207 10,
624 4128 682 4187 12:

229 4232 368 4312 ,Aiebat
403 4231 530 4293 interim
566 4229 784 4292 decentiorem
808 4228 922 4290 faciem
947 4248 1016 4289 esse
1040 4227 1073 4288 in
1098 4247 1160 4310 qua
1184 4225 1300 4310 aliquis

183 4357 304 4400 naevus
323 4335 466 4419 scissas

232 4440 447 4525 Legendum:
472 4450 543 4499 asset
566 4439 616 4500 vel
636 4439 750 4498 inescat.
