2956 4958
596 627 802 700 CAPUT
840 626 909 698 III.

203 850 325 924 QUAE
348 849 598 930 AEQUALES,
620 846 937 928 POSTERIORES,
960 846 1280 911 RECENTIORES

490 987 551 1051 DE
576 986 735 1050 OVIDIO
759 985 1001 1050 MEMORIAE

356 1125 669 1190 PRODIDERINT
693 1125 749 1188 ET
774 1121 1115 1187 IUDIOAVERINT.

177 1339 195 1419 ξ
223 1342 250 1402 l.
298 1338 416 1412 8111111,
449 1338 560 1412 rhetor,
585 1362 662 1422 quae
685 1340 720 1399 de
746 1335 852 1399 ovidio
878 1336 1038 1397 tradiderat
1061 1346 1088 1395 et
1111 1335 1333 1396 iudicaverat·

223 1551 376 1625 Quamvis
409 1552 516 1617 Ovidii
536 1554 735 1639 temporibus
755 1551 851 1614 ¹multi
876 1557 992 1635 poetae
1023 1549 1140 1634 aliique
1165 1551 1319 1635 1111111-

178 1678 229 1720 111
263 1657 387 1721 Romae
423 1658 553 1739 tuerint,
591 1658 764 1721 admodum
795 1657 886 1742 pauoi
912 1665 1021 1719 tamen
1044 1675 1155 1718 eorum
1179 1677 1305 1720 nomen

178 1763 247 1826 eius
283 1771 315 1825 et
348 1763 467 1847 scripta
490 1771 679 1826 memorant.
704 1762 798 1840 Nam,
814 1740 876 1846 'qui
901 1768 1008 1823 aetate
1032 1759 1169 1823 maiores
1194 1771 1303 1842 erant,

178 1866 352 1952 VergiliuS,
385 1868 543 1948 Tibullus,
576 1867 741 1935 Horatius„
776 1866 964 1951 Propertius
996 1865 1094 1927 multo
1120 1872 1196 1928 ante
1221 1865 1298 1929 Ovi·

178 1973 266 2036 dium
290 1973 375 2036 diem
399 1975 567 2044 obierunt;
592 1981 624 2037 et
648 1983 839 2053 ceterorum,
864 1971 918 2051 qui
934 1969 1210 2048 tunefloruerunt,
1224 1993 1298 2035 aue-

176 2087 281 2143 torum
315 2079 433 2163 aeripta
468 2087 524 2142 aut
559 2079 688 2142 omnino
725 2085 780 2140 aut
805 2075 945 2138 maxima
969 2080 1128 2158 exparte
1154 2083 1297 2140 aetatem

176 2205 241 2246 non
264 2185 416 2247 tulerunt.
440 2183 554 2269 Itaque
578 2183 760 2268 aequalium
785 2181 906 2244 Seneca
930 2184 1022 2264 pater
1045 2178 1130 2242 aolus
1155 2178 1296 2262 1111111,

177 2289 230 2371 qui
275 2288 315 2351 de
351 2287 467 2351 Ovidio
503 2289 658 2351 nonnulla
694 2286 867 2350 memoriae
903 2282 1054 2368 prodidit.
1089 2283 1175 2347 Nam
1196 2288 1298 2370 quod

176 2391 292 2456 Ovidio
317 2414 388 2455 eum
411 2393 581 2478 Propertio
607 2394 658 2455 vel
681 2391 851 2476 Propertio
877 2410 947 2451 eum
961 2387 1077 2451 Ovidio
1093 2388 1180 2452 haud
1193 2413 1298 2474 panea

174 2506 375 2582 argumenta,
411 2498 601 2560 sententiae.
622 2497 799 2561 locutiones
824 2501 1005 2563 eommunia
1029 2506 1112 2577 sunt,
1137 2518 1219 2580 quae
1247 2519 1299 2560 res

176 2623 216 2666 ex
251 2602 401 2667 sodalitio
435 2608 467 2665 et
502 2602 651 2666 familiari
676 2605 908 2668 consuetudine
932 2606 1026 2669 faeile
1051 2612 1148 2686 atque
1173 2604 1298 2687 optime

176 2707 332 2792 explicari
357 2715 474 2793 potest,
502 2708 650 2793 quodque
674 2729 792 2771 nomen
815 2707 973 2774 Corinnae
988 2711 1073 2796 apud
1088 2710 1298 2795 Propertium

175 2812 320 2893 occurrit,
345 2813 407 2876 huo
439 2835 504 2877 non
532 2813 683 2898 pertinet.

218 2918 427 2981 Annaeus
462 2918 629 2981 Seneea
664 2926 782 2998 autem,
809 2918 1034 3002 Cordubensis,
1059 2922 1178 3001 rhetor,
1201 2927 1299 3005 pater

175 3021 267 3084 Lueii
294 3021 423 3085 Annaei
459 3021 601 3086 Senecae
637 3024 831 3108 philosophi,
858 3027 959 3089 amieo
984 3025 1192 3089 hauddubie
1218 3047 1299 3110 erga

175 3125 326 3189 Ovidium
361 3127 468 3189 animo
505 3127 574 3190 fuit.
599 3128 659 3191 Ille
685 3129 798 3213 viginti
824 3130 892 3194 fere
917 3132 1008 3194 annis
1033 3132 1107 3194 huie
1130 3138 1298 3215 superstes

175 3230 311 3315 amplius
335 3231 447 3294 decem
471 3239 581 3295 tamen
607 3234 698 3296 annia
722 3235 823 3297 maior
846 3243 926 3299 natu
951 3246 1028 3299 erat.
1042 3236 1126 3299 Nam
1142 3238 1298 3316 „omnes”

174 3335 277 3420 inquit
289 3334 437 3418 Seneca)
448 3337 577 3421 „magni
589 3338 623 3400 in
642 3339 825 3422 eloquentia
838 3341 975 3404 nominis
988 3346 1125 3426 excepto
1140 3339 1297 3405 Oioerone

174 3440 286 3505 videor
310 3441 457 3524 audisa03
481 3462 522 3504 ne
539 3440 726 3506 Cioeronem
750 3444 879 3528 quidem
904 3454 992 3509 aetas
1016 3446 1094 3509 mihi
1119 3446 1296 3530 eripuerat,

136 3577 138 3580 ·
174 3545 232 3608 sed
265 3545 423 3609 bellorum
455 3546 596 3608 eivilium
620 3548 718 3628 turer,
742 3550 795 3632 qui
820 3557 896 3613 tune
920 3552 1030 3614 orbem
1054 3557 1155 3613 totum
1179 3571 1297 3633 perva-

173 3650 321 3734 gabatur,
345 3650 428 3713 intra
452 3651 610 3714 ooloniam
633 3673 738 3716 meam
762 3675 813 3717 me
837 3655 1012 3718 continuit:
1037 3655 1155 3738 alioqui
1182 3655 1215 3717 in
1238 3656 1295 3720 illo

218 3913 245 3986 1)
287 3910 387 3971 011111.
408 3912 432 3983 Ι,
454 3911 545 3987 praef.
569 3912 613 3971 11.
