3224 5130
770 461 811 537 ld

275 646 485 723 Theodoreus
502 643 523 739 ¹)
548 647 773 723 offendebatur
796 657 919 722 Nicetis
947 651 1090 744 ingenio,
1115 655 1223 740 itaque
1245 643 1351 718 deleo-

275 770 363 828 tatus
386 765 496 829 fabula
521 763 695 828 Gallionis:
1175 755 1177 760 ’

276 867 329 932 hoc
351 881 452 931 autem
474 869 590 930 dicebat
617 865 721 932 Gallio
744 869 869 932 Nasoni
891 892 944 956 suo
968 870 1055 932 ualde
1070 868 1230 952 placuisse,
1248 868 1354 949 itaque

271 976 381 1059 fecisse
404 974 512 1037 illum”
537 974 715 1056 (Nasonem
738 977 795 1057 so.)
822 977 925 1059 „quod
946 977 979 1036 io
1001 974 1105 1036 multis
1131 973 1201 1034 aliis
1222 972 1353 1034 uersibus

283 1077 409 1164 Veryt'lt'i
429 1081 558 1164 fecerat,
582 1102 642 1142 ooo
666 1081 853 1162 surripiendi
874 1102 974 1155 causo,
999 1081 1052 1141 sed
1066 1078 1177 1162 pulum
1189 1077 1355 1154 mutuandi

276 1183 462 1258 desummo,
486 1196 521 1246 ut
547 1184 633 1246 vellet
656 1187 794 1268 aquosos·
820 1207 889 1250 esse
910 1192 1020 1250 autem
1040 1185 1075 1248 iu
1086 1183 1254 1268 tragoedia
1267 1182 1352 1244 eius:

455 1327 549 1409 ,feror
572 1327 636 1390 huc
659 1327 745 1409 illuc,
769 1334 806 1391 ut
828 1329 925 1413 plena
949 1326 1051 1390 deo’'’.

276 1501 391 1567 Altera
425 1524 443 1567 e
477 1502 544 1567 rita
579 1503 728 1567 familiari
752 1503 859 1568 Ovidii
884 1504 1017 1588 eiusque
1041 1505 1217 1568 amicorum
1239 1523 1350 1565 narra-

232 1607 386 1690 tiuncula,
422 1628 553 1692 prorsus
589 1608 697 1692 digna,
729 1629 811 1692 quae
836 1608 876 1672 ab
900 1608 1062 1673 oblivione
1086 1608 1278 1688 vindicetur,
1302 1607 1351 1669 in·

231 1711 360 1776 venitur
384 1710 493 1776 Oontr.
518 1712 563 1794 II,
591 1713 641 1794 10,
669 1714 725 1775 12:

279 1815 436 1898 „Verbis”
471 1815 586 1899 (Naso)
623 1816 775 1897 „minime
809 1815 944 1880 licenter
971 1839 1048 1881 usus
1072 1823 1120 1880 est
1142 1816 1204 1880 nisi
1227 1817 1261 1880 in
1284 1838 1352 1880 oar·

276 1920 428 2002 minibus,
462 1923 496 1984 in
531 1922 647 2006 quibus
682 1942 746 1984 non
770 1923 932 2007 ignoravit
955 1923 1033 1986 vitia
1057 1943 1115 1985 sua
1139 1921 1197 1984 sed
1221 1921 1350 1985 amavit.

275 2025 496 2090 Manufestum
533 2033 641 2111 potest
676 2047 757 2108 esse,
793 2027 879 2111 quod
914 2035 1045 2111 rogatus
1076 2028 1115 2091 ab
1140 2027 1250 2090 amicis
1275 2026 1351 2106 suis,

275 2139 312 2194 111
346 2132 475 2195 19119191
499 2138 564 2195 tres
587 2152 709 2214 versus,
733 2131 872 2196 invicem
896 2134 999 2218 petiit,
1023 2139 1060 2196 ut
1082 2133 1152 2217 ipse
1175 2138 1240 2195 tres
1265 2131 1371 2194 exci·.

276 2242 380 2320 peret,
415 2236 450 2298 iu
483 2256 562 2320 quos
598 2235 679 2299 nihil
712 2237 774 2299 illis
808 2237 930 2300 liceret.
965 2237 1081 2322 Aequa
1116 2237 1172 2299 lex
1195 2236 1263 2299 visa
1287 2241 1352 2317 est3

276 2341 469 2425 scripserant
496 2340 554 2422 illi,
579 2363 659 2425 quos
682 2331 751 2404 tolli
776 2343 907 2423 vellent,
931 2348 1065 2422 secreto,
1088 2341 1141 2404 hio
1165 2361 1244 2424 quos
1266 2347 1351 2402 tutos

277 2465 346 2508 esse
381 2445 496 2509 vellet:
531 2445 565 2508 in
587 2446 734 2530 utrisque
759 2446 911 2510 codicillis
935 2447 1021 2510 idern
1046 2467 1157 2511 versus
1181 2455 1283 2526 erant,
1308 2466 1350 2507 ex

277 2549 392 2632 quibus
418 2550 568 2634 primurn
592 2550 691 2613 fuisse
714 2550 865 2614 narrabat
901 2551 1195 2615 Albinovanus
1230 2550 1351 2631 Pede,

276 2655 330 2739 qui
353 2655 438 2718 inter
461 2655 597 2718 arbitros
621 2653 699 2717 fuit:

364 2797 638 2882 ,semibovemque
680 2797 797 2880 virum,
832 2799 1083 2882 semivirumque
1118 2797 1280 2878 bovem'r)

271 2900 471 2964 secundum:-

365 3050 407 3126 ί91
430 3044 573 3128 gelidum
597 3043 726 3108 Borean
750 3045 976 3130 egelidumque
1001 3023 1202 3126 Νο111111’”1)

277 3185 369 3251 Talia
403 3192 511 3248 autem
547 3185 698 3267 Ovidium
736 3209 769 3255 re
805 3209 880 3251 vera
916 3209 980 3251 non
1011 3189 1113 3251 solum
1138 3187 1271 3250 iuvenili
1294 3184 1351 3248 sed

232 3289 329 3354 etiam
357 3292 534 3376 posteriore
558 3298 665 3355 aetate
690 3292 860 3372 amavisse,
883 3294 1124 3374 rectissimeque
1148 3292 1248 3376 igitur
1271 3291 1350 3353 haec

232 3417 315 3477 quae
350 3417 369 3459 a
400 3395 522 3460 Seneca
553 3404 733 3480 narrantur,
757 3398 859 3482 qualis
883 3397 980 3462 fuerit
1004 3396 1138 3460 Ovidius
1162 3402 1268 3482 poeta,
1292 3394 1350 3457 de·

232 3507 410 3565 monstrare
446 3509 479 3565 et
512 3502 707 3587 significare,
739 3509 875 3588 apparet
894 3523 936 3566 ex
960 3524 1009 3584 eo,
1033 3502 1119 3586 quod
1143 3501 1258 3565 eadem
1281 3501 1349 3564 fere

232 3606 349 3692 posuit,
373 3605 468 3670 Trist.
492 3605 552 3689 IV,
579 3610 607 3690 7,
636 3611 692 3672 16:

274 3821 302 3894 1)
343 3821 386 3878 Ι)9
407 3815 581 3878 Theodoreis
602 3819 637 3879 cl.
659 3820 785 3890 Quintil.
805 3820 861 3885 ΙΙΙ,
885 3822 911 3887 1,
935 3821 970 3878 17
992 3819 1348 3895 sq.:›Praecipuotameu

232 3901 260 3958 in
282 3917 312 3957 ss
331 3903 541 3957 converterunt
561 3901 662 3958 studia
684 3901 880 3976 Apollodorus
897 3901 1104 3978 Pergamenus,
1115 3899 1168 3973 qui
1179 3902 1350 3975 praeceptor

231 3978 409 4054 Apolloniae
431 3979 562 4038 Caesaris
583 3980 713 4057 Augusti
734 3981 803 4050 fuit,
823 3987 852 4039 91
873 3979 1041 4038 Theodorus
1064 3979 1225 4047 Gadareus,
1246 3979 1299 4053 qui
1319 3997 1349 4037 se
1430 3992 1439 4004 ·

231 4059 290 4117 dici
312 4059 421 4116 maluit
442 4057 609 4117 Rhodium:
630 4081 717 4136 quem
738 4060 869 4120 studiose
884 4060 1008 4130 audisso,
1023 4079 1091 4118 oum
1102 4059 1133 4116 iu
1144 4079 1208 4118 earn
1218 4059 1348 4116 insulam

230 4138 401 4207 secessisset,
429 4138 541 4197 dicitur
562 4140 697 4199 Tiberius
720 4140 832 4199 Caesar.
858 4139 896 4197 Hi
916 4140 1046 4198 diversas
1057 4139 1206 4215 opiniones
1216 4137 1347 4198 tradide-

230 4222 304 4277 runt
324 4218 521 4293 appellatique
542 4219 610 4278 iude
631 4220 819 4297 Apollodorei
840 4225 869 4277 et
891 4219 1063 4289 Theodorei,
1082 4219 1119 4277 ad
1132 4238 1241 4277 morem
1254 4221 1347 4276 certas

231 4298 261 4356 in
283 4297 466 4372 philosophia
486 4303 581 4357 sectas
601 4300 768 4376 sequendo&
1183 4323 1185 4326 ·

273 4376 371 4436 Etiam
394 4375 598 4446 Quintilianus
620 4380 806 4439 Theodoreus
826 4378 917 4438 fuisse
938 4379 1067 4438 videtur.

272 4457 302 4530 2)
343 4456 409 4516 Art.
431 4475 488 4518 am.
508 4458 547 4529 II,
571 4459 618 4516 24.

267 4536 303 4611 Ι3)
343 4535 411 4594 Am.
432 4537 472 4607 11,
496 4538 542 4611 11,
564 4540 610 4597 10.
